<?xml version="1.0" encoding="UTF-8"?>
<!DOCTYPE html PUBLIC "-//W3C//DTD XHTML 1.0 Transitional//EN"
    "http://www.w3.org/TR/xhtml1/DTD/xhtml1-transitional.dtd">
<html xmlns="http://www.w3.org/1999/xhtml" xml:lang="en" lang="en">
 <head>
  <title>
</title>
<meta http-equiv="Content-Type" content="text/html;charset=utf-8" />
  <meta name='ocr-system' content='tesseract 3.04.00' />
  <meta name='ocr-capabilities' content='ocr_page ocr_carea ocr_par ocr_line ocrx_word'/>
</head>
<body>
  <div class='ocr_page' id='page_1' title='image "./cataloguscodicu00hermgoog_0036.png"; bbox 0 0 3964 4998; ppageno 0'>
   <div class='ocr_carea' id='block_1_1' title="bbox 771 331 1241 482">
    <p class='ocr_par' dir='ltr' id='par_1_1' title="bbox 771 331 1241 512">
     <span class='ocr_line' id='line_1_1' title="bbox 771 331 1241 482; baseline 0 -14"><span class='ocrx_word' id='word_1_1' title='bbox 771 331 1241 482; x_wconf 37' lang='grc' dir='ltr'>μω...</span> 
     </span>
    </p>
   </div>
   <div class='ocr_carea' id='block_1_2' title="bbox 379 601 1868 2729">
    <p class='ocr_par' dir='ltr' id='par_1_2' title="bbox 379 601 1868 2729">
     <span class='ocr_line' id='line_1_2' title="bbox 406 601 1773 698; baseline 0.002 -23"><span class='ocrx_word' id='word_1_2' title='bbox 406 603 524 676; x_wconf 77' lang='lat' dir='ltr'>‚Teisir</span> <span class='ocrx_word' id='word_1_3' title='bbox 549 604 617 671; x_wconf 82' lang='lat' dir='ltr'>sire</span> <span class='ocrx_word' id='word_1_4' title='bbox 642 602 871 692; x_wconf 77' lang='lat' dir='ltr'>mctifieutimre</span> <span class='ocrx_word' id='word_1_5' title='bbox 893 604 1062 694; x_wconf 75' lang='lat' dir='ltr'>repimiuis</span> <span class='ocrx_word' id='word_1_6' title='bbox 1088 612 1237 670; x_wconf 79' lang='lat' dir='ltr'>accurate</span> <span class='ocrx_word' id='word_1_7' title='bbox 1263 608 1400 690; x_wconf 75' lang='lat' dir='ltr'>egerunt</span> <span class='ocrx_word' id='word_1_8' title='bbox 1424 601 1637 698; x_wconf 76' lang='lat' dir='ltr'>Sprengelins</span> <span class='ocrx_word' id='word_1_9' title='bbox 1664 609 1703 678; x_wconf 98' lang='grc' dir='ltr'>Τ.</span> <span class='ocrx_word' id='word_1_10' title='bbox 1718 608 1773 694; x_wconf 88' lang='lat' dir='ltr'>ll,</span> 
     </span>
     <span class='ocr_line' id='line_1_3' title="bbox 415 727 1773 838; baseline 0.001 -38"><span class='ocrx_word' id='word_1_11' title='bbox 415 758 447 825; x_wconf 88' lang='lat' dir='ltr'>p.</span> <span class='ocrx_word' id='word_1_12' title='bbox 468 734 541 834; x_wconf 72' lang='lat'>5⁷¹.</span> <span class='ocrx_word' id='word_1_13' title='bbox 577 739 611 796; x_wconf 88' lang='lat' dir='ltr'>et</span> <span class='ocrx_word' id='word_1_14' title='bbox 641 728 845 798; x_wconf 85' lang='lat' dir='ltr'>Ghouluntns</span> <span class='ocrx_word' id='word_1_15' title='bbox 876 754 909 820; x_wconf 87' lang='lat' dir='ltr'>p.</span> <span class='ocrx_word' id='word_1_16' title='bbox 944 731 1040 814; x_wconf 72' lang='lat'>1753</span> <span class='ocrx_word' id='word_1_17' title='bbox 1059 727 1255 836; x_wconf 31' lang='lat' dir='ltr'>&#39;videndum</span> <span class='ocrx_word' id='word_1_18' title='bbox 1286 741 1394 838; x_wconf 77' lang='lat' dir='ltr'>tamen</span> <span class='ocrx_word' id='word_1_19' title='bbox 1425 757 1467 800; x_wconf 92' lang='lat' dir='ltr'>ne</span> <span class='ocrx_word' id='word_1_20' title='bbox 1497 746 1609 802; x_wconf 86' lang='lat' dir='ltr'>nostra</span> <span class='ocrx_word' id='word_1_21' title='bbox 1631 737 1773 828; x_wconf 81' lang='lat' dir='ltr'>Recepta</span> 
     </span>
     <span class='ocr_line' id='line_1_4' title="bbox 412 839 1773 954; baseline 0.002 -29"><span class='ocrx_word' id='word_1_22' title='bbox 412 839 527 950; x_wconf 83' lang='lat' dir='ltr'>potins</span> <span class='ocrx_word' id='word_1_23' title='bbox 553 857 619 924; x_wconf 87' lang='lat' dir='ltr'>sint</span> <span class='ocrx_word' id='word_1_24' title='bbox 649 855 707 922; x_wconf 88' lang='lat' dir='ltr'>lilii</span> <span class='ocrx_word' id='word_1_25' title='bbox 738 855 831 943; x_wconf 82' lang='lat' dir='ltr'>ejus,</span> <span class='ocrx_word' id='word_1_26' title='bbox 870 880 968 947; x_wconf 86' lang='lat' dir='ltr'>quem</span> <span class='ocrx_word' id='word_1_27' title='bbox 1000 866 1035 922; x_wconf 83' lang='lat' dir='ltr'>ct</span> <span class='ocrx_word' id='word_1_28' title='bbox 1061 855 1168 948; x_wconf 87' lang='lat' dir='ltr'>ipsum</span> <span class='ocrx_word' id='word_1_29' title='bbox 1192 855 1294 923; x_wconf 82' lang='lat' dir='ltr'>libros</span> <span class='ocrx_word' id='word_1_30' title='bbox 1320 856 1355 926; x_wconf 84' lang='lat' dir='ltr'>V</span> <span class='ocrx_word' id='word_1_31' title='bbox 1379 857 1419 954; x_wconf 86' lang='lat' dir='ltr'>de</span> <span class='ocrx_word' id='word_1_32' title='bbox 1448 859 1594 927; x_wconf 86' lang='lat' dir='ltr'>sanitatis</span> <span class='ocrx_word' id='word_1_33' title='bbox 1618 860 1773 948; x_wconf 74' lang='lat' dir='ltr'>regimine</span> 
     </span>
     <span class='ocr_line' id='line_1_5' title="bbox 412 983 1807 1082; baseline 0.001 -30"><span class='ocrx_word' id='word_1_34' title='bbox 412 985 584 1078; x_wconf 74' lang='lat' dir='ltr'>reliquisse</span> <span class='ocrx_word' id='word_1_35' title='bbox 614 985 769 1053; x_wconf 86' lang='lat' dir='ltr'>Hellerus</span> <span class='ocrx_word' id='word_1_36' title='bbox 801 983 840 1050; x_wconf 99' lang='lat' dir='ltr'>T.</span> <span class='ocrx_word' id='word_1_37' title='bbox 866 983 907 1068; x_wconf 87' lang='lat' dir='ltr'>l,</span> <span class='ocrx_word' id='word_1_38' title='bbox 934 983 1220 1082; x_wconf 21' lang='lat' dir='ltr'>.p.5971tradit;</span> <span class='ocrx_word' id='word_1_39' title='bbox 1257 986 1385 1074; x_wconf 78' lang='lat' dir='ltr'>Adolup</span> <span class='ocrx_word' id='word_1_40' title='bbox 1415 984 1501 1052; x_wconf 90' lang='lat' dir='ltr'>enim</span> <span class='ocrx_word' id='word_1_41' title='bbox 1531 1011 1667 1073; x_wconf 90' lang='lat' dir='ltr'>nomen,</span> <span class='ocrx_word' id='word_1_42' title='bbox 1705 1010 1772 1078; x_wconf 85' lang='lat' dir='ltr'>quo</span> <span class='ocrx_word' id='word_1_43' title='bbox 1802 989 1807 1004; x_wconf 94' lang='lat'>&#39;</span> 
     </span>
     <span class='ocr_line' id='line_1_6' title="bbox 408 1109 1771 1212; baseline 0 -30"><span class='ocrx_word' id='word_1_44' title='bbox 408 1115 487 1182; x_wconf 88' lang='lat' dir='ltr'>alias</span> <span class='ocrx_word' id='word_1_45' title='bbox 517 1115 614 1182; x_wconf 81' lang='lat' dir='ltr'>etiam</span> <span class='ocrx_word' id='word_1_46' title='bbox 638 1109 807 1179; x_wconf 75' lang='lat' dir='ltr'>Avieenna</span> <span class='ocrx_word' id='word_1_47' title='bbox 837 1110 985 1198; x_wconf 82' lang='lat' dir='ltr'>insigniri</span> <span class='ocrx_word' id='word_1_48' title='bbox 1011 1111 1120 1198; x_wconf 84' lang='lat' dir='ltr'>solet,</span> <span class='ocrx_word' id='word_1_49' title='bbox 1161 1122 1347 1202; x_wconf 85' lang='lat' dir='ltr'>corruptum</span> <span class='ocrx_word' id='word_1_50' title='bbox 1372 1122 1423 1178; x_wconf 83' lang='lat' dir='ltr'>est</span> <span class='ocrx_word' id='word_1_51' title='bbox 1448 1136 1490 1178; x_wconf 85' lang='lat' dir='ltr'>ex</span> <span class='ocrx_word' id='word_1_52' title='bbox 1511 1110 1657 1212; x_wconf 30' lang='lat' dir='ltr'>&#39;Arabico</span> <span class='ocrx_word' id='word_1_53' title='bbox 1681 1113 1771 1182; x_wconf 74' lang='lat' dir='ltr'>Aba·</span> 
     </span>
     <span class='ocr_line' id='line_1_7' title="bbox 409 1231 1868 1344; baseline -0.003 -34"><span class='ocrx_word' id='word_1_54' title='bbox 409 1244 469 1310; x_wconf 77' lang='lat' dir='ltr'>Ali</span> <span class='ocrx_word' id='word_1_55' title='bbox 478 1291 492 1324; x_wconf 93' lang='lat'><strong><em>,</em></strong></span> <span class='ocrx_word' id='word_1_56' title='bbox 516 1266 581 1335; x_wconf 87' lang='lat' dir='ltr'>quo</span> <span class='ocrx_word' id='word_1_57' title='bbox 607 1263 719 1308; x_wconf 84' lang='lat' dir='ltr'>revera</span> <span class='ocrx_word' id='word_1_58' title='bbox 736 1239 822 1306; x_wconf 89' lang='lat' dir='ltr'>lilius</span> <span class='ocrx_word' id='word_1_59' title='bbox 841 1261 921 1306; x_wconf 88' lang='lat' dir='ltr'>usus</span> <span class='ocrx_word' id='word_1_60' title='bbox 938 1263 1012 1308; x_wconf 86' lang='lat' dir='ltr'>esse</span> <span class='ocrx_word' id='word_1_61' title='bbox 1027 1231 1150 1325; x_wconf 74' lang='lat' dir='ltr'>fertur,</span> <span class='ocrx_word' id='word_1_62' title='bbox 1179 1263 1279 1331; x_wconf 87' lang='lat' dir='ltr'>quum</span> <span class='ocrx_word' id='word_1_63' title='bbox 1296 1248 1389 1329; x_wconf 85' lang='lat' dir='ltr'>pater</span> <span class='ocrx_word' id='word_1_64' title='bbox 1406 1239 1505 1332; x_wconf 86' lang='lat' dir='ltr'>pleno</span> <span class='ocrx_word' id='word_1_65' title='bbox 1531 1239 1662 1344; x_wconf 76' lang='lat' dir='ltr'>nornine</span> <span class='ocrx_word' id='word_1_66' title='bbox 1678 1236 1770 1306; x_wconf 74' lang='lat' dir='ltr'>Abu-</span> <span class='ocrx_word' id='word_1_67' title='bbox 1861 1283 1868 1291; x_wconf 91' lang='lat'><em>-</em></span> 
     </span>
     <span class='ocr_line' id='line_1_8' title="bbox 412 1345 1770 1462; baseline -0.002 -24"><span class='ocrx_word' id='word_1_68' title='bbox 412 1369 548 1438; x_wconf 76' lang='lat' dir='ltr'>llervan</span> <span class='ocrx_word' id='word_1_69' title='bbox 579 1367 791 1436; x_wconf 70' lang='lat' dir='ltr'>Elin-lohar</span> <span class='ocrx_word' id='word_1_70' title='bbox 823 1367 1065 1462; x_wconf 80' lang='lat' dir='ltr'>appellaretur3</span> <span class='ocrx_word' id='word_1_71' title='bbox 1096 1367 1136 1434; x_wconf 76' lang='lat' dir='ltr'>cf.</span> <span class='ocrx_word' id='word_1_72' title='bbox 1168 1345 1202 1434; x_wconf 87' lang='lat' dir='ltr'>et</span> <span class='ocrx_word' id='word_1_73' title='bbox 1229 1367 1375 1454; x_wconf 80' lang='lat' dir='ltr'>lllangeti</span> <span class='ocrx_word' id='word_1_74' title='bbox 1402 1367 1489 1454; x_wconf 74' lang='lat' dir='ltr'>liibl,</span> <span class='ocrx_word' id='word_1_75' title='bbox 1521 1367 1643 1460; x_wconf 70' lang='lat' dir='ltr'>scripit.</span> <span class='ocrx_word' id='word_1_76' title='bbox 1672 1367 1770 1435; x_wconf 90' lang='lat' dir='ltr'>medi·</span> 
     </span>
     <span class='ocr_line' id='line_1_9' title="bbox 409 1472 1771 1590; baseline -0.001 -26"><span class='ocrx_word' id='word_1_77' title='bbox 409 1519 520 1564; x_wconf 90' lang='lat' dir='ltr'>eornm</span> <span class='ocrx_word' id='word_1_78' title='bbox 549 1498 588 1563; x_wconf 92' lang='lat' dir='ltr'>T.</span> <span class='ocrx_word' id='word_1_79' title='bbox 605 1495 640 1580; x_wconf 85' lang='lat' dir='ltr'>l,</span> <span class='ocrx_word' id='word_1_80' title='bbox 671 1521 704 1587; x_wconf 87' lang='lat' dir='ltr'>p.</span> <span class='ocrx_word' id='word_1_81' title='bbox 721 1498 756 1563; x_wconf 76' lang='lat'>2.</span> <span class='ocrx_word' id='word_1_82' title='bbox 781 1535 829 1552; x_wconf 94' lang='lat'>-</span> <span class='ocrx_word' id='word_1_83' title='bbox 854 1497 1002 1564; x_wconf 80' lang='lat' dir='ltr'>Duorum</span> <span class='ocrx_word' id='word_1_84' title='bbox 1028 1495 1207 1583; x_wconf 75' lang='lat' dir='ltr'>chirurgiae</span> <span class='ocrx_word' id='word_1_85' title='bbox 1236 1507 1421 1580; x_wconf 86' lang='lat' dir='ltr'>auctorum,</span> <span class='ocrx_word' id='word_1_86' title='bbox 1451 1472 1588 1586; x_wconf 76' lang='lat' dir='ltr'>quorum</span> <span class='ocrx_word' id='word_1_87' title='bbox 1616 1519 1715 1590; x_wconf 82' lang='lat' dir='ltr'>opera</span> <span class='ocrx_word' id='word_1_88' title='bbox 1735 1496 1771 1563; x_wconf 90' lang='lat' dir='ltr'>in</span> 
     </span>
     <span class='ocr_line' id='line_1_10' title="bbox 394 1617 1770 1722; baseline -0.001 -32"><span class='ocrx_word' id='word_1_89' title='bbox 394 1617 476 1693; x_wconf 69' lang='lat' dir='ltr'>¹lroc</span> <span class='ocrx_word' id='word_1_90' title='bbox 499 1623 663 1691; x_wconf 86' lang='lat' dir='ltr'>volumine</span> <span class='ocrx_word' id='word_1_91' title='bbox 689 1635 835 1710; x_wconf 83' lang='lat' dir='ltr'>exstant,</span> <span class='ocrx_word' id='word_1_92' title='bbox 865 1625 1006 1716; x_wconf 77' lang='lat' dir='ltr'>priorem</span> <span class='ocrx_word' id='word_1_93' title='bbox 1027 1623 1221 1690; x_wconf 82' lang='lat' dir='ltr'>Lefrurdunr</span> <span class='ocrx_word' id='word_1_94' title='bbox 1243 1623 1278 1689; x_wconf 92' lang='lat' dir='ltr'>in</span> <span class='ocrx_word' id='word_1_95' title='bbox 1303 1623 1424 1722; x_wconf 70' lang='lat' dir='ltr'>codicis</span> <span class='ocrx_word' id='word_1_96' title='bbox 1443 1622 1610 1692; x_wconf 84' lang='lat' dir='ltr'>involucro</span> <span class='ocrx_word' id='word_1_97' title='bbox 1630 1622 1770 1716; x_wconf 86' lang='lat' dir='ltr'>adscrip-</span> 
     </span>
     <span class='ocr_line' id='line_1_11' title="bbox 409 1748 1772 1841; baseline 0 -25"><span class='ocrx_word' id='word_1_98' title='bbox 409 1760 478 1816; x_wconf 84' lang='lat' dir='ltr'>tum</span> <span class='ocrx_word' id='word_1_99' title='bbox 500 1761 552 1816; x_wconf 85' lang='lat' dir='ltr'>cst</span> <span class='ocrx_word' id='word_1_100' title='bbox 581 1751 664 1818; x_wconf 83' lang='lat' dir='ltr'>ulios</span> <span class='ocrx_word' id='word_1_101' title='bbox 686 1749 869 1839; x_wconf 69' lang='lat' dir='ltr'>Lanfiuuci</span> <span class='ocrx_word' id='word_1_102' title='bbox 893 1773 1012 1817; x_wconf 91' lang='lat' dir='ltr'>nomen</span> <span class='ocrx_word' id='word_1_103' title='bbox 1041 1772 1174 1836; x_wconf 78' lang='lat' dir='ltr'>gerere,</span> <span class='ocrx_word' id='word_1_104' title='bbox 1206 1773 1305 1841; x_wconf 85' lang='lat' dir='ltr'>quern</span> <span class='ocrx_word' id='word_1_105' title='bbox 1328 1748 1469 1818; x_wconf 89' lang='lat' dir='ltr'>indidem</span> <span class='ocrx_word' id='word_1_106' title='bbox 1495 1749 1772 1834; x_wconf 63' lang='lat' dir='ltr'>Mediolanensem</span> 
     </span>
     <span class='ocr_line' id='line_1_12' title="bbox 409 1874 1824 1972; baseline -0.002 -28"><span class='ocrx_word' id='word_1_107' title='bbox 409 1901 558 1966; x_wconf 71' lang='lat' dir='ltr'>magnam</span> <span class='ocrx_word' id='word_1_108' title='bbox 589 1877 674 1943; x_wconf 84' lang='lat' dir='ltr'>inter</span> <span class='ocrx_word' id='word_1_109' title='bbox 704 1877 871 1964; x_wconf 73' lang='lat' dir='ltr'>chirurgos</span> <span class='ocrx_word' id='word_1_110' title='bbox 908 1901 992 1945; x_wconf 87' lang='lat' dir='ltr'>saec.</span> <span class='ocrx_word' id='word_1_111' title='bbox 1022 1876 1106 1945; x_wconf 87' lang='lat' dir='ltr'>Xlll</span> <span class='ocrx_word' id='word_1_112' title='bbox 1143 1876 1268 1972; x_wconf 66' lang='lat' dir='ltr'>laruam⁸</span> <span class='ocrx_word' id='word_1_113' title='bbox 1288 1877 1440 1945; x_wconf 84' lang='lat' dir='ltr'>hahuisse</span> <span class='ocrx_word' id='word_1_114' title='bbox 1469 1875 1589 1943; x_wconf 87' lang='lat' dir='ltr'>docent</span> <span class='ocrx_word' id='word_1_115' title='bbox 1615 1874 1771 1963; x_wconf 81' lang='lat' dir='ltr'>Hellerus</span> <span class='ocrx_word' id='word_1_116' title='bbox 1822 1925 1824 1930; x_wconf 68' lang='lat'>,</span> 
     </span>
     <span class='ocr_line' id='line_1_13' title="bbox 408 1977 1771 2093; baseline -0.004 -21"><span class='ocrx_word' id='word_1_117' title='bbox 408 2006 445 2072; x_wconf 89' lang='lat' dir='ltr'>in</span> <span class='ocrx_word' id='word_1_118' title='bbox 468 2004 555 2071; x_wconf 85' lang='lat' dir='ltr'>Bihl.</span> <span class='ocrx_word' id='word_1_119' title='bbox 577 2003 727 2090; x_wconf 79' lang='lat' dir='ltr'>Chirurg.</span> <span class='ocrx_word' id='word_1_120' title='bbox 749 2002 788 2069; x_wconf 90' lang='grc' dir='ltr'>Τ.</span> <span class='ocrx_word' id='word_1_121' title='bbox 806 2002 844 2087; x_wconf 90' lang='lat' dir='ltr'>l,</span> <span class='ocrx_word' id='word_1_122' title='bbox 869 2027 901 2092; x_wconf 85' lang='lat' dir='ltr'>p.</span> <span class='ocrx_word' id='word_1_123' title='bbox 928 2003 1000 2068; x_wconf 75' lang='lat' dir='ltr'>lle</span> <span class='ocrx_word' id='word_1_124' title='bbox 1018 2011 1064 2092; x_wconf 84' lang='lat' dir='ltr'>&#39;et</span> <span class='ocrx_word' id='word_1_125' title='bbox 1092 1999 1306 2093; x_wconf 75' lang='lat' dir='ltr'>Sprengelius</span> <span class='ocrx_word' id='word_1_126' title='bbox 1332 2001 1371 2068; x_wconf 91' lang='grc' dir='ltr'>Τ.</span> <span class='ocrx_word' id='word_1_127' title='bbox 1387 2001 1442 2085; x_wconf 89' lang='lat' dir='ltr'>ll,</span> <span class='ocrx_word' id='word_1_128' title='bbox 1467 2026 1501 2092; x_wconf 83' lang='lat' dir='ltr'>p.</span> <span class='ocrx_word' id='word_1_129' title='bbox 1523 1977 1601 2070; x_wconf 72' lang='lat'>470</span> <span class='ocrx_word' id='word_1_130' title='bbox 1620 2025 1704 2093; x_wconf 79' lang='lat' dir='ltr'>sqq.;</span> <span class='ocrx_word' id='word_1_131' title='bbox 1730 2001 1771 2068; x_wconf 92' lang='lat' dir='ltr'>de</span> 
     </span>
     <span class='ocr_line' id='line_1_14' title="bbox 409 2111 1771 2222; baseline 0 -26"><span class='ocrx_word' id='word_1_132' title='bbox 409 2130 511 2196; x_wconf 86' lang='lat' dir='ltr'>altero</span> <span class='ocrx_word' id='word_1_133' title='bbox 532 2129 676 2216; x_wconf 77' lang='lat' dir='ltr'>lingerio</span> <span class='ocrx_word' id='word_1_134' title='bbox 691 2129 861 2196; x_wconf 75' lang='lat' dir='ltr'>Parmensi</span> <span class='ocrx_word' id='word_1_135' title='bbox 884 2122 1115 2220; x_wconf 84' lang='lat' dir='ltr'>potiusquam</span> <span class='ocrx_word' id='word_1_136' title='bbox 1139 2111 1338 2212; x_wconf 86' lang='lat' dir='ltr'>Parisicnsi‚</span> <span class='ocrx_word' id='word_1_137' title='bbox 1362 2126 1559 2196; x_wconf 71' lang='lat' dir='ltr'>Academiae</span> <span class='ocrx_word' id='word_1_138' title='bbox 1576 2129 1771 2222; x_wconf 81' lang='lat' dir='ltr'>Montispes·</span> 
     </span>
     <span class='ocr_line' id='line_1_15' title="bbox 379 2243 1770 2352; baseline 0.001 -30"><span class='ocrx_word' id='word_1_139' title='bbox 379 2345 382 2352; x_wconf 25' lang='grc' dir='ltr'>Ι</span> <span class='ocrx_word' id='word_1_140' title='bbox 407 2255 591 2323; x_wconf 82' lang='lat' dir='ltr'>anianensis</span> <span class='ocrx_word' id='word_1_141' title='bbox 619 2255 843 2340; x_wconf 70' lang='lat' dir='ltr'>cancellario,</span> <span class='ocrx_word' id='word_1_142' title='bbox 869 2256 908 2322; x_wconf 81' lang='lat' dir='ltr'>el.</span> <span class='ocrx_word' id='word_1_143' title='bbox 936 2255 1069 2322; x_wconf 90' lang='lat' dir='ltr'>eosdem</span> <span class='ocrx_word' id='word_1_144' title='bbox 1095 2255 1134 2323; x_wconf 92' lang='lat' dir='ltr'>T.</span> <span class='ocrx_word' id='word_1_145' title='bbox 1159 2255 1196 2338; x_wconf 87' lang='lat' dir='ltr'>l,</span> <span class='ocrx_word' id='word_1_146' title='bbox 1222 2280 1256 2345; x_wconf 90' lang='lat' dir='ltr'>p.</span> <span class='ocrx_word' id='word_1_147' title='bbox 1275 2255 1347 2320; x_wconf 71' lang='lat'>144</span> <span class='ocrx_word' id='word_1_148' title='bbox 1374 2243 1408 2320; x_wconf 68' lang='lat' dir='ltr'>e&#39;t</span> <span class='ocrx_word' id='word_1_149' title='bbox 1433 2259 1473 2323; x_wconf 93' lang='lat' dir='ltr'>T.</span> <span class='ocrx_word' id='word_1_150' title='bbox 1488 2256 1542 2340; x_wconf 90' lang='lat' dir='ltr'>ll,</span> <span class='ocrx_word' id='word_1_151' title='bbox 1565 2283 1600 2347; x_wconf 89' lang='lat' dir='ltr'>p.</span> <span class='ocrx_word' id='word_1_152' title='bbox 1615 2257 1702 2323; x_wconf 69' lang='lat'><strong>468.</strong></span> <span class='ocrx_word' id='word_1_153' title='bbox 1721 2293 1770 2306; x_wconf 90' lang='lat'>-</span> 
     </span>
     <span class='ocr_line' id='line_1_16' title="bbox 408 2351 1770 2473; baseline -0.002 -20"><span class='ocrx_word' id='word_1_154' title='bbox 408 2384 579 2453; x_wconf 74' lang='lat' dir='ltr'>dolannes</span> <span class='ocrx_word' id='word_1_155' title='bbox 600 2383 735 2470; x_wconf 77' lang='lat' dir='ltr'>Albas,</span> <span class='ocrx_word' id='word_1_156' title='bbox 768 2382 951 2450; x_wconf 83' lang='lat' dir='ltr'>antidotarii</span> <span class='ocrx_word' id='word_1_157' title='bbox 976 2381 1131 2473; x_wconf 85' lang='lat' dir='ltr'>scriptor,</span> <span class='ocrx_word' id='word_1_158' title='bbox 1163 2382 1250 2448; x_wconf 81' lang='lat' dir='ltr'>lraud</span> <span class='ocrx_word' id='word_1_159' title='bbox 1278 2351 1346 2450; x_wconf 80' lang='lat' dir='ltr'>seio</span> <span class='ocrx_word' id='word_1_160' title='bbox 1373 2405 1414 2448; x_wconf 87' lang='lat' dir='ltr'>an</span> <span class='ocrx_word' id='word_1_161' title='bbox 1440 2382 1526 2449; x_wconf 90' lang='lat' dir='ltr'>idem</span> <span class='ocrx_word' id='word_1_162' title='bbox 1543 2382 1586 2448; x_wconf 92' lang='lat' dir='ltr'>sit</span> <span class='ocrx_word' id='word_1_163' title='bbox 1614 2406 1687 2449; x_wconf 89' lang='lat' dir='ltr'>cum</span> <span class='ocrx_word' id='word_1_164' title='bbox 1711 2382 1770 2450; x_wconf 82' lang='lat' dir='ltr'>Jo-</span> 
     </span>
     <span class='ocr_line' id='line_1_17' title="bbox 406 2493 1771 2596; baseline -0.001 -18"><span class='ocrx_word' id='word_1_165' title='bbox 406 2513 513 2579; x_wconf 87' lang='lat' dir='ltr'>haunc</span> <span class='ocrx_word' id='word_1_166' title='bbox 545 2535 565 2577; x_wconf 86' lang='lat' dir='ltr'>a</span> <span class='ocrx_word' id='word_1_167' title='bbox 589 2493 712 2579; x_wconf 86' lang='lat' dir='ltr'>Sancto</span> <span class='ocrx_word' id='word_1_168' title='bbox 737 2506 916 2594; x_wconf 80' lang='lat' dir='ltr'>Amando,</span> <span class='ocrx_word' id='word_1_169' title='bbox 943 2507 1111 2576; x_wconf 85' lang='lat' dir='ltr'>Canonieo</span> <span class='ocrx_word' id='word_1_170' title='bbox 1137 2507 1363 2594; x_wconf 87' lang='lat' dir='ltr'>Turnacensi,</span> <span class='ocrx_word' id='word_1_171' title='bbox 1389 2509 1483 2596; x_wconf 86' lang='lat' dir='ltr'>cujus</span> <span class='ocrx_word' id='word_1_172' title='bbox 1508 2509 1771 2578; x_wconf 85' lang='lat' dir='ltr'>commentarium</span> 
     </span>
     <span class='ocr_line' id='line_1_18' title="bbox 404 2629 1837 2729; baseline -0.001 -23"><span class='ocrx_word' id='word_1_173' title='bbox 404 2638 440 2706; x_wconf 91' lang='lat' dir='ltr'>in</span> <span class='ocrx_word' id='word_1_174' title='bbox 463 2637 593 2706; x_wconf 84' lang='lat' dir='ltr'>Nicolai</span> <span class='ocrx_word' id='word_1_175' title='bbox 617 2636 859 2705; x_wconf 75' lang='lat' dir='ltr'>Antidotarium</span> <span class='ocrx_word' id='word_1_176' title='bbox 882 2646 1110 2704; x_wconf 85' lang='lat' dir='ltr'>commemorat</span> <span class='ocrx_word' id='word_1_177' title='bbox 1135 2634 1350 2729; x_wconf 79' lang='lat' dir='ltr'>Sprengelins</span> <span class='ocrx_word' id='word_1_178' title='bbox 1381 2635 1403 2702; x_wconf 87' lang='lat' dir='ltr'>l.</span> <span class='ocrx_word' id='word_1_179' title='bbox 1428 2661 1455 2705; x_wconf 93' lang='lat' dir='ltr'>c.</span> <span class='ocrx_word' id='word_1_180' title='bbox 1482 2635 1522 2704; x_wconf 91' lang='lat' dir='ltr'>T.</span> <span class='ocrx_word' id='word_1_181' title='bbox 1546 2636 1596 2722; x_wconf 88' lang='lat' dir='ltr'>ll,</span> <span class='ocrx_word' id='word_1_182' title='bbox 1629 2660 1662 2728; x_wconf 84' lang='lat' dir='ltr'>p.</span> <span class='ocrx_word' id='word_1_183' title='bbox 1677 2629 1791 2721; x_wconf 72' lang='lat'>4653·</span> <span class='ocrx_word' id='word_1_184' title='bbox 1832 2652 1837 2660; x_wconf 87' lang='lat'>&#39;</span> 
     </span>
    </p>
   </div>
   <div class='ocr_carea' id='block_1_3' title="bbox 201 2737 1809 2854">
    <p class='ocr_par' dir='ltr' id='par_1_3' title="bbox 201 2737 1809 2854">
     <span class='ocr_line' id='line_1_19' title="bbox 201 2737 1809 2854; baseline 0.001 -22"><span class='ocrx_word' id='word_1_185' title='bbox 201 2757 204 2764; x_wconf 44' lang='lat'><strong><em>⁴</em></strong></span> <span class='ocrx_word' id='word_1_186' title='bbox 344 2751 348 2756; x_wconf 75' lang='lat'><strong>.</strong></span> <span class='ocrx_word' id='word_1_187' title='bbox 410 2765 610 2854; x_wconf 73' lang='lat' dir='ltr'>singolorum</span> <span class='ocrx_word' id='word_1_188' title='bbox 634 2765 850 2831; x_wconf 73' lang='lat' dir='ltr'>antidotorum</span> <span class='ocrx_word' id='word_1_189' title='bbox 868 2762 1010 2848; x_wconf 67' lang='lat' dir='ltr'>titulos,</span> <span class='ocrx_word' id='word_1_190' title='bbox 1043 2752 1170 2854; x_wconf 81' lang='lat' dir='ltr'>siquis</span> <span class='ocrx_word' id='word_1_191' title='bbox 1196 2763 1498 2854; x_wconf 79' lang='lat' dir='ltr'>compararevelit,</span> <span class='ocrx_word' id='word_1_192' title='bbox 1525 2737 1667 2853; x_wconf 54' lang='lat' dir='ltr'>subjeci}</span> <span class='ocrx_word' id='word_1_193' title='bbox 1691 2789 1771 2854; x_wconf 69' lang='lat' dir='ltr'>pera</span> <span class='ocrx_word' id='word_1_194' title='bbox 1804 2801 1809 2812; x_wconf 86' lang='grc'><em>·</em></span> 
     </span>
    </p>
   </div>
   <div class='ocr_carea' id='block_1_4' title="bbox 407 2879 1832 4126">
    <p class='ocr_par' dir='ltr' id='par_1_4' title="bbox 407 2879 1832 4126">
     <span class='ocr_line' id='line_1_20' title="bbox 407 2879 1770 2983; baseline 0.002 -27"><span class='ocrx_word' id='word_1_195' title='bbox 407 2894 527 2983; x_wconf 80' lang='lat' dir='ltr'>pipru,</span> <span class='ocrx_word' id='word_1_196' title='bbox 565 2892 605 2958; x_wconf 84' lang='lat' dir='ltr'>de</span> <span class='ocrx_word' id='word_1_197' title='bbox 637 2891 854 2958; x_wconf 77' lang='lat' dir='ltr'>Tiseodoriclro</span> <span class='ocrx_word' id='word_1_198' title='bbox 878 2901 991 2956; x_wconf 79' lang='lat' dir='ltr'>nostro</span> <span class='ocrx_word' id='word_1_199' title='bbox 1001 2927 1027 2972; x_wconf 64' lang='lat'>,1</span> <span class='ocrx_word' id='word_1_200' title='bbox 1053 2890 1093 2956; x_wconf 85' lang='lat' dir='ltr'>de</span> <span class='ocrx_word' id='word_1_201' title='bbox 1121 2879 1418 2979; x_wconf 70' lang='lat' dir='ltr'>Triferu&#39;uostre,&#39;</span> <span class='ocrx_word' id='word_1_202' title='bbox 1444 2890 1484 2957; x_wconf 91' lang='lat' dir='ltr'>de</span> <span class='ocrx_word' id='word_1_203' title='bbox 1512 2891 1636 2980; x_wconf 79' lang='lat' dir='ltr'>pillulis</span> <span class='ocrx_word' id='word_1_204' title='bbox 1663 2895 1770 2976; x_wconf 83' lang='lat' dir='ltr'>coeie,</span> 
     </span>
     <span class='ocr_line' id='line_1_21' title="bbox 409 3015 1832 3109; baseline -0.001 -24"><span class='ocrx_word' id='word_1_205' title='bbox 409 3019 451 3085; x_wconf 90' lang='lat' dir='ltr'>de</span> <span class='ocrx_word' id='word_1_206' title='bbox 472 3019 595 3108; x_wconf 84' lang='lat' dir='ltr'>pillulis</span> <span class='ocrx_word' id='word_1_207' title='bbox 620 3041 742 3101; x_wconf 80' lang='lat' dir='ltr'>auree,</span> <span class='ocrx_word' id='word_1_208' title='bbox 765 3018 877 3109; x_wconf 83' lang='lat' dir='ltr'>pillule</span> <span class='ocrx_word' id='word_1_209' title='bbox 902 3017 942 3083; x_wconf 86' lang='lat' dir='ltr'>de</span> <span class='ocrx_word' id='word_1_210' title='bbox 956 3015 1140 3108; x_wconf 68' lang='lat' dir='ltr'>Euforlsiu,</span> <span class='ocrx_word' id='word_1_211' title='bbox 1166 3018 1206 3084; x_wconf 86' lang='lat' dir='ltr'>de</span> <span class='ocrx_word' id='word_1_212' title='bbox 1225 3018 1350 3108; x_wconf 82' lang='lat' dir='ltr'>pillulis</span> <span class='ocrx_word' id='word_1_213' title='bbox 1372 3017 1537 3084; x_wconf 72' lang='lat' dir='ltr'>«iohannis</span> <span class='ocrx_word' id='word_1_214' title='bbox 1551 3018 1769 3103; x_wconf 69' lang='lat' dir='ltr'>Damascene,</span> <span class='ocrx_word' id='word_1_215' title='bbox 1831 3099 1832 3106; x_wconf 8' lang='grc' dir='ltr'>ἵ</span> 
     </span>
     <span class='ocr_line' id='line_1_22' title="bbox 409 3141 1770 3233; baseline 0.001 -23"><span class='ocrx_word' id='word_1_216' title='bbox 409 3145 450 3210; x_wconf 86' lang='lat' dir='ltr'>de</span> <span class='ocrx_word' id='word_1_217' title='bbox 473 3143 613 3233; x_wconf 79' lang='lat' dir='ltr'>planca,</span> <span class='ocrx_word' id='word_1_218' title='bbox 647 3144 687 3210; x_wconf 86' lang='lat' dir='ltr'>de</span> <span class='ocrx_word' id='word_1_219' title='bbox 712 3143 879 3210; x_wconf 78' lang='lat' dir='ltr'>benedicte</span> <span class='ocrx_word' id='word_1_220' title='bbox 902 3145 1033 3233; x_wconf 82' lang='lat' dir='ltr'>pulione</span> <span class='ocrx_word' id='word_1_221' title='bbox 1057 3153 1118 3210; x_wconf 82' lang='lat' dir='ltr'>ete.</span> <span class='ocrx_word' id='word_1_222' title='bbox 1145 3179 1195 3194; x_wconf 92' lang='lat'>-·-</span> <span class='ocrx_word' id='word_1_223' title='bbox 1221 3142 1335 3210; x_wconf 83' lang='lat' dir='ltr'>Ultimi</span> <span class='ocrx_word' id='word_1_224' title='bbox 1360 3142 1455 3228; x_wconf 86' lang='lat' dir='ltr'>libri,</span> <span class='ocrx_word' id='word_1_225' title='bbox 1489 3141 1604 3232; x_wconf 87' lang='lat' dir='ltr'>quiin</span> <span class='ocrx_word' id='word_1_226' title='bbox 1629 3144 1770 3231; x_wconf 77' lang='lat' dir='ltr'>tegmine</span> 
     </span>
     <span class='ocr_line' id='line_1_23' title="bbox 408 3267 1769 3363; baseline 0.002 -26"><span class='ocrx_word' id='word_1_227' title='bbox 408 3267 529 3337; x_wconf 91' lang='lat' dir='ltr'>codicis</span> <span class='ocrx_word' id='word_1_228' title='bbox 554 3268 735 3359; x_wconf 85' lang='lat' dir='ltr'>appellatur</span> <span class='ocrx_word' id='word_1_229' title='bbox 759 3269 840 3336; x_wconf 82' lang='lat' dir='ltr'>liber</span> <span class='ocrx_word' id='word_1_230' title='bbox 861 3273 1149 3360; x_wconf 76' lang='lat' dir='ltr'>praeparationum</span> <span class='ocrx_word' id='word_1_231' title='bbox 1172 3273 1340 3338; x_wconf 74' lang='lat' dir='ltr'>suuitoris</span> <span class='ocrx_word' id='word_1_232' title='bbox 1363 3271 1655 3362; x_wconf 78' lang='lat' dir='ltr'>elyropruplratus,</span> <span class='ocrx_word' id='word_1_233' title='bbox 1681 3269 1769 3363; x_wconf 87' lang='lat' dir='ltr'>prin·</span> 
     </span>
     <span class='ocr_line' id='line_1_24' title="bbox 410 3391 1770 3494; baseline 0.003 -33"><span class='ocrx_word' id='word_1_234' title='bbox 410 3391 528 3486; x_wconf 87' lang='lat' dir='ltr'>eipinm</span> <span class='ocrx_word' id='word_1_235' title='bbox 553 3395 710 3460; x_wconf 72' lang='lat' dir='ltr'>lecestr</span> <span class='ocrx_word' id='word_1_236' title='bbox 735 3393 834 3460; x_wconf 76' lang='lat' dir='ltr'>Dixit</span> <span class='ocrx_word' id='word_1_237' title='bbox 858 3407 1053 3486; x_wconf 77' lang='lat' dir='ltr'>appr-epulor</span> <span class='ocrx_word' id='word_1_238' title='bbox 1077 3397 1176 3464; x_wconf 75' lang='lat' dir='ltr'>leuiter</span> <span class='ocrx_word' id='word_1_239' title='bbox 1201 3399 1308 3486; x_wconf 81' lang='lat' dir='ltr'>operis</span> <span class='ocrx_word' id='word_1_240' title='bbox 1332 3408 1506 3494; x_wconf 77' lang='lat' dir='ltr'>postquem</span> <span class='ocrx_word' id='word_1_241' title='bbox 1521 3398 1637 3489; x_wconf 76' lang='lat' dir='ltr'>eollepi</span> <span class='ocrx_word' id='word_1_242' title='bbox 1652 3397 1770 3465; x_wconf 75' lang='lat' dir='ltr'>librum</span> 
     </span>
     <span class='ocr_line' id='line_1_25' title="bbox 408 3520 1772 3622; baseline 0.004 -33"><span class='ocrx_word' id='word_1_243' title='bbox 408 3523 496 3590; x_wconf 78' lang='lat' dir='ltr'>leuuc</span> <span class='ocrx_word' id='word_1_244' title='bbox 527 3545 682 3613; x_wconf 77' lang='lat' dir='ltr'>mupuum</span> <span class='ocrx_word' id='word_1_245' title='bbox 697 3567 699 3572; x_wconf 68' lang='lat'>,</span> <span class='ocrx_word' id='word_1_246' title='bbox 713 3524 751 3588; x_wconf 81' lang='lat' dir='ltr'>iu</span> <span class='ocrx_word' id='word_1_247' title='bbox 780 3522 948 3590; x_wconf 78' lang='lat' dir='ltr'>medicinis</span> <span class='ocrx_word' id='word_1_248' title='bbox 981 3527 1162 3614; x_wconf 85' lang='lat' dir='ltr'>compositis</span> <span class='ocrx_word' id='word_1_249' title='bbox 1188 3527 1246 3622; x_wconf 76' lang='lat' dir='ltr'>qui</span> <span class='ocrx_word' id='word_1_250' title='bbox 1270 3536 1320 3590; x_wconf 85' lang='lat' dir='ltr'>est</span> <span class='ocrx_word' id='word_1_251' title='bbox 1345 3523 1427 3591; x_wconf 83' lang='lat' dir='ltr'>liber</span> <span class='ocrx_word' id='word_1_252' title='bbox 1450 3520 1567 3616; x_wconf 77' lang='lat' dir='ltr'>maqui</span> <span class='ocrx_word' id='word_1_253' title='bbox 1588 3529 1772 3595; x_wconf 67' lang='lat' dir='ltr'>inerementi</span> 
     </span>
     <span class='ocr_line' id='line_1_26' title="bbox 412 3629 1767 3747; baseline 0.003 -31"><span class='ocrx_word' id='word_1_254' title='bbox 412 3673 509 3747; x_wconf 80' lang='lat' dir='ltr'>quem</span> <span class='ocrx_word' id='word_1_255' title='bbox 534 3629 702 3718; x_wconf 78' lang='lat' dir='ltr'>uomiuuui</span> <span class='ocrx_word' id='word_1_256' title='bbox 725 3651 842 3716; x_wconf 75' lang='lat' dir='ltr'>librum</span> <span class='ocrx_word' id='word_1_257' title='bbox 865 3654 1058 3718; x_wconf 60' lang='lat' dir='ltr'>servitorem</span> <span class='ocrx_word' id='word_1_258' title='bbox 1080 3665 1113 3719; x_wconf 86' lang='lat' dir='ltr'>et</span> <span class='ocrx_word' id='word_1_259' title='bbox 1138 3654 1297 3744; x_wconf 79' lang='lat' dir='ltr'>eorupleui</span> <span class='ocrx_word' id='word_1_260' title='bbox 1315 3653 1414 3719; x_wconf 83' lang='lat' dir='ltr'>libros</span> <span class='ocrx_word' id='word_1_261' title='bbox 1435 3673 1512 3718; x_wconf 82' lang='lat' dir='ltr'>suos</span> <span class='ocrx_word' id='word_1_262' title='bbox 1530 3675 1640 3718; x_wconf 81' lang='lat' dir='ltr'>murres</span> <span class='ocrx_word' id='word_1_263' title='bbox 1654 3676 1767 3720; x_wconf 83' lang='lat' dir='ltr'>secuu-</span> 
     </span>
     <span class='ocr_line' id='line_1_27' title="bbox 409 3775 1770 3870; baseline 0.006 -31"><span class='ocrx_word' id='word_1_264' title='bbox 409 3775 486 3840; x_wconf 81' lang='lat' dir='ltr'>dum</span> <span class='ocrx_word' id='word_1_265' title='bbox 513 3779 712 3844; x_wconf 77' lang='lat' dir='ltr'>uoluntatem</span> <span class='ocrx_word' id='word_1_266' title='bbox 741 3779 846 3842; x_wconf 76' lang='lat' dir='ltr'>meum</span> <span class='ocrx_word' id='word_1_267' title='bbox 869 3777 990 3843; x_wconf 84' lang='lat' dir='ltr'>queui</span> <span class='ocrx_word' id='word_1_268' title='bbox 1017 3779 1055 3843; x_wconf 81' lang='lat' dir='ltr'>iu</span> <span class='ocrx_word' id='word_1_269' title='bbox 1076 3777 1195 3844; x_wconf 80' lang='lat' dir='ltr'>multis</span> <span class='ocrx_word' id='word_1_270' title='bbox 1227 3800 1271 3843; x_wconf 81' lang='lat' dir='ltr'>ex</span> <span class='ocrx_word' id='word_1_271' title='bbox 1295 3779 1463 3846; x_wconf 79' lang='lat' dir='ltr'>medicinis</span> <span class='ocrx_word' id='word_1_272' title='bbox 1488 3782 1670 3870; x_wconf 77' lang='lat' dir='ltr'>corapositis</span> <span class='ocrx_word' id='word_1_273' title='bbox 1695 3779 1770 3847; x_wconf 81' lang='lat' dir='ltr'>libri</span> 
     </span>
     <span class='ocr_line' id='line_1_28' title="bbox 411 3903 1768 4002; baseline 0.004 -33"><span class='ocrx_word' id='word_1_274' title='bbox 411 3903 508 3970; x_wconf 66' lang='lat' dir='ltr'>matus</span> <span class='ocrx_word' id='word_1_275' title='bbox 543 3905 744 3972; x_wconf 79' lang='lat' dir='ltr'>medicinalis</span> <span class='ocrx_word' id='word_1_276' title='bbox 783 3905 902 3970; x_wconf 84' lang='lat' dir='ltr'>multos</span> <span class='ocrx_word' id='word_1_277' title='bbox 934 3905 1094 3994; x_wconf 76' lang='lat' dir='ltr'>simplices</span> <span class='ocrx_word' id='word_1_278' title='bbox 1125 3927 1210 4002; x_wconf 82' lang='lat' dir='ltr'>quoe</span> <span class='ocrx_word' id='word_1_279' title='bbox 1244 3907 1394 3998; x_wconf 79' lang='lat' dir='ltr'>iudipeut</span> <span class='ocrx_word' id='word_1_280' title='bbox 1417 3910 1667 3997; x_wconf 70' lang='lat' dir='ltr'>praepar-etim</span> <span class='ocrx_word' id='word_1_281' title='bbox 1690 3919 1768 3992; x_wconf 73' lang='lat' dir='ltr'>etc„</span> 
     </span>
     <span class='ocr_line' id='line_1_29' title="bbox 409 4003 1768 4126; baseline 0.007 -30"><span class='ocrx_word' id='word_1_282' title='bbox 409 4029 495 4096; x_wconf 91' lang='lat' dir='ltr'>unde</span> <span class='ocrx_word' id='word_1_283' title='bbox 534 4042 668 4124; x_wconf 83' lang='lat' dir='ltr'>apparet</span> <span class='ocrx_word' id='word_1_284' title='bbox 703 4033 793 4099; x_wconf 80' lang='lat' dir='ltr'>lune</span> <span class='ocrx_word' id='word_1_285' title='bbox 822 4003 941 4098; x_wconf 86' lang='lat' dir='ltr'>librum</span> <span class='ocrx_word' id='word_1_286' title='bbox 974 4031 1068 4123; x_wconf 87' lang='lat' dir='ltr'>qnasi</span> <span class='ocrx_word' id='word_1_287' title='bbox 1102 4031 1312 4124; x_wconf 80' lang='lat' dir='ltr'>appendicem</span> <span class='ocrx_word' id='word_1_288' title='bbox 1345 4034 1452 4124; x_wconf 75' lang='lat' dir='ltr'>magni</span> <span class='ocrx_word' id='word_1_289' title='bbox 1486 4033 1623 4124; x_wconf 83' lang='lat' dir='ltr'>alicujus</span> <span class='ocrx_word' id='word_1_290' title='bbox 1661 4037 1768 4126; x_wconf 87' lang='lat' dir='ltr'>operia</span> 
     </span>
    </p>
   </div>
   <div class='ocr_carea' id='block_1_5' title="bbox 275 4155 1767 4256">
    <p class='ocr_par' dir='ltr' id='par_1_5' title="bbox 275 4155 1767 4256">
     <span class='ocr_line' id='line_1_30' title="bbox 275 4155 1767 4256; baseline 0.005 -33"><span class='ocrx_word' id='word_1_291' title='bbox 275 4170 282 4188; x_wconf 87' lang='lat'><strong>·</strong></span> <span class='ocrx_word' id='word_1_292' title='bbox 410 4155 531 4244; x_wconf 80' lang='lat' dir='ltr'>fuisse,</span> <span class='ocrx_word' id='word_1_293' title='bbox 558 4155 652 4244; x_wconf 86' lang='lat' dir='ltr'>eujus</span> <span class='ocrx_word' id='word_1_294' title='bbox 673 4167 781 4226; x_wconf 87' lang='lat' dir='ltr'>tamen</span> <span class='ocrx_word' id='word_1_295' title='bbox 803 4159 947 4250; x_wconf 87' lang='lat' dir='ltr'>reliquae</span> <span class='ocrx_word' id='word_1_296' title='bbox 968 4169 1077 4252; x_wconf 85' lang='lat' dir='ltr'>partes</span> <span class='ocrx_word' id='word_1_297' title='bbox 1096 4158 1279 4253; x_wconf 80' lang='lat' dir='ltr'>perierunt3</span> <span class='ocrx_word' id='word_1_298' title='bbox 1307 4185 1391 4256; x_wconf 86' lang='lat' dir='ltr'>quae</span> <span class='ocrx_word' id='word_1_299' title='bbox 1409 4169 1553 4248; x_wconf 77' lang='lat' dir='ltr'>exstant,</span> <span class='ocrx_word' id='word_1_300' title='bbox 1577 4159 1767 4256; x_wconf 85' lang='lat' dir='ltr'>plerumque</span> 
     </span>
    </p>
   </div>
   <div class='ocr_carea' id='block_1_6' title="bbox 0 0 1986 4998">
    <p class='ocr_par' dir='ltr' id='par_1_6' title="bbox 0 0 1986 4998">
     <span class='ocr_line' id='line_1_31' title="bbox 0 0 1986 4998; baseline 0 0"><span class='ocrx_word' id='word_1_301' title='bbox 0 0 1986 4998; x_wconf 95' lang='lat' dir='ltr'> </span> 
     </span>
    </p>
   </div>
  </div>
 </body>
</html>
