<?xml version="1.0" encoding="UTF-8"?>
<!DOCTYPE html PUBLIC "-//W3C//DTD XHTML 1.0 Transitional//EN"
    "http://www.w3.org/TR/xhtml1/DTD/xhtml1-transitional.dtd">
<html xmlns="http://www.w3.org/1999/xhtml" xml:lang="en" lang="en">
 <head>
  <title>
</title>
<meta http-equiv="Content-Type" content="text/html;charset=utf-8" />
  <meta name='ocr-system' content='tesseract 3.04.00' />
  <meta name='ocr-capabilities' content='ocr_page ocr_carea ocr_par ocr_line ocrx_word'/>
</head>
<body>
  <div class='ocr_page' id='page_1' title='image "./cataloguscodicu00hermgoog_0032.png"; bbox 0 0 3964 4998; ppageno 0'>
   <div class='ocr_carea' id='block_1_1' title="bbox 868 415 1172 520">
    <p class='ocr_par' dir='ltr' id='par_1_1' title="bbox 868 415 1172 520">
     <span class='ocr_line' id='line_1_1' title="bbox 868 415 1172 520; baseline 0.003 -1"><span class='ocrx_word' id='word_1_1' title='bbox 868 415 1172 520; x_wconf 80' lang='lat' dir='ltr'><strong>&#39;-ts-</strong></span> 
     </span>
    </p>
   </div>
   <div class='ocr_carea' id='block_1_2' title="bbox 388 650 1777 1608">
    <p class='ocr_par' dir='ltr' id='par_1_2' title="bbox 388 650 1777 1608">
     <span class='ocr_line' id='line_1_2' title="bbox 414 650 1774 744; baseline 0.007 -24"><span class='ocrx_word' id='word_1_2' title='bbox 414 651 521 721; x_wconf 75' lang='lat' dir='ltr'><strong>variae</strong></span> <span class='ocrx_word' id='word_1_3' title='bbox 546 650 702 738; x_wconf 70' lang='lat' dir='ltr'><strong>formulae</strong></span> <span class='ocrx_word' id='word_1_4' title='bbox 726 651 868 719; x_wconf 82' lang='lat' dir='ltr'><strong>medicae</strong></span> <span class='ocrx_word' id='word_1_5' title='bbox 894 663 1099 744; x_wconf 77' lang='lat' dir='ltr'><strong>sequuntur3</strong></span> <span class='ocrx_word' id='word_1_6' title='bbox 1137 651 1173 720; x_wconf 90' lang='lat' dir='ltr'><strong>in</strong></span> <span class='ocrx_word' id='word_1_7' title='bbox 1196 651 1261 720; x_wconf 88' lang='lat' dir='ltr'><strong>linc</strong></span> <span class='ocrx_word' id='word_1_8' title='bbox 1286 663 1393 721; x_wconf 81' lang='lat' dir='ltr'><strong>autem</strong></span> <span class='ocrx_word' id='word_1_9' title='bbox 1418 655 1519 723; x_wconf 87' lang='lat' dir='ltr'><strong>totins</strong></span> <span class='ocrx_word' id='word_1_10' title='bbox 1546 657 1667 727; x_wconf 90' lang='lat' dir='ltr'><strong>codicis</strong></span> <span class='ocrx_word' id='word_1_11' title='bbox 1692 662 1774 729; x_wconf 84' lang='lat' dir='ltr'><strong>lnec</strong></span> 
     </span>
     <span class='ocr_line' id='line_1_3' title="bbox 413 757 1775 874; baseline 0.005 -27"><span class='ocrx_word' id='word_1_12' title='bbox 413 779 578 865; x_wconf 81' lang='lat' dir='ltr'><strong>legimus=</strong></span> <span class='ocrx_word' id='word_1_13' title='bbox 601 778 716 868; x_wconf 78' lang='lat' dir='ltr'><strong>finitus</strong></span> <span class='ocrx_word' id='word_1_14' title='bbox 741 789 789 846; x_wconf 85' lang='lat' dir='ltr'><strong>est</strong></span> <span class='ocrx_word' id='word_1_15' title='bbox 816 779 897 845; x_wconf 84' lang='lat' dir='ltr'><strong>liber</strong></span> <span class='ocrx_word' id='word_1_16' title='bbox 920 781 982 846; x_wconf 89' lang='lat' dir='ltr'><strong>iste</strong></span> <span class='ocrx_word' id='word_1_17' title='bbox 1000 801 1061 868; x_wconf 87' lang='lat' dir='ltr'><strong>per</strong></span> <span class='ocrx_word' id='word_1_18' title='bbox 1084 763 1135 845; x_wconf 88' lang='lat' dir='ltr'><strong>mc</strong></span> <span class='ocrx_word' id='word_1_19' title='bbox 1149 778 1335 846; x_wconf 66' lang='lat' dir='ltr'><strong>«Iohannem</strong></span> <span class='ocrx_word' id='word_1_20' title='bbox 1359 782 1527 872; x_wconf 77' lang='lat' dir='ltr'><strong>Maperlin</strong></span> <span class='ocrx_word' id='word_1_21' title='bbox 1552 757 1775 874; x_wconf 86' lang='lat' dir='ltr'><strong>cappellanum</strong></span> 
     </span>
     <span class='ocr_line' id='line_1_4' title="bbox 414 904 1772 999; baseline 0.007 -28"><span class='ocrx_word' id='word_1_22' title='bbox 414 908 605 972; x_wconf 85' lang='lat' dir='ltr'><strong>monasterii</strong></span> <span class='ocrx_word' id='word_1_23' title='bbox 627 907 755 972; x_wconf 75' lang='lat' dir='ltr'><strong><em>abbatie</em></strong></span> <span class='ocrx_word' id='word_1_24' title='bbox 780 906 951 973; x_wconf 80' lang='lat' dir='ltr'><strong>tirunensis</strong></span> <span class='ocrx_word' id='word_1_25' title='bbox 975 906 1021 972; x_wconf 87' lang='lat' dir='ltr'><strong>In</strong></span> <span class='ocrx_word' id='word_1_26' title='bbox 1036 907 1152 997; x_wconf 69' lang='lat' dir='ltr'><strong>uigilia</strong></span> <span class='ocrx_word' id='word_1_27' title='bbox 1166 904 1284 974; x_wconf 87' lang='lat' dir='ltr'><strong>Sancti</strong></span> <span class='ocrx_word' id='word_1_28' title='bbox 1301 909 1430 976; x_wconf 80' lang='lat' dir='ltr'><strong>Mathai</strong></span> <span class='ocrx_word' id='word_1_29' title='bbox 1454 912 1592 999; x_wconf 86' lang='lat' dir='ltr'><strong>apostoli</strong></span> <span class='ocrx_word' id='word_1_30' title='bbox 1614 915 1772 982; x_wconf 71' lang='lat' dir='ltr'><strong>etlinun</strong></span> 
     </span>
     <span class='ocr_line' id='line_1_5' title="bbox 414 1018 1772 1130; baseline 0.004 -32"><span class='ocrx_word' id='word_1_31' title='bbox 414 1032 548 1122; x_wconf 74' lang='lat' dir='ltr'><strong>pelistac</strong></span> <span class='ocrx_word' id='word_1_32' title='bbox 573 1055 661 1097; x_wconf 90' lang='lat' dir='ltr'><strong>anno</strong></span> <span class='ocrx_word' id='word_1_33' title='bbox 685 1045 764 1115; x_wconf 62' lang='lat' dir='ltr'><strong>ont),</strong></span> <span class='ocrx_word' id='word_1_34' title='bbox 790 1054 887 1123; x_wconf 86' lang='lat' dir='ltr'><strong>quem</strong></span> <span class='ocrx_word' id='word_1_35' title='bbox 909 1054 952 1097; x_wconf 93' lang='lat' dir='ltr'><strong>ne</strong></span> <span class='ocrx_word' id='word_1_36' title='bbox 969 1030 1042 1120; x_wconf 88' lang='lat' dir='ltr'><strong>quis</strong></span> <span class='ocrx_word' id='word_1_37' title='bbox 1059 1055 1178 1100; x_wconf 86' lang='lat' dir='ltr'><strong>sunum</strong></span> <span class='ocrx_word' id='word_1_38' title='bbox 1199 1031 1297 1130; x_wconf 74' lang='lat' dir='ltr'><strong>last</strong></span> <span class='ocrx_word' id='word_1_39' title='bbox 1323 1055 1397 1099; x_wconf 89' lang='lat' dir='ltr'><strong>esse</strong></span> <span class='ocrx_word' id='word_1_40' title='bbox 1418 1043 1528 1124; x_wconf 88' lang='lat' dir='ltr'><strong>putot,</strong></span> <span class='ocrx_word' id='word_1_41' title='bbox 1552 1046 1681 1125; x_wconf 84' lang='lat' dir='ltr'><strong>praeter</strong></span> <span class='ocrx_word' id='word_1_42' title='bbox 1702 1018 1772 1106; x_wconf 85' lang='lat' dir='ltr'><strong>uni-</strong></span> 
     </span>
     <span class='ocr_line' id='line_1_6' title="bbox 388 1136 1774 1254; baseline 0.003 -28"><span class='ocrx_word' id='word_1_43' title='bbox 388 1149 536 1226; x_wconf 82' lang='lat' dir='ltr'><strong>.rersam</strong></span> <span class='ocrx_word' id='word_1_44' title='bbox 570 1155 691 1226; x_wconf 88' lang='lat' dir='ltr'><strong>codicis</strong></span> <span class='ocrx_word' id='word_1_45' title='bbox 720 1156 864 1224; x_wconf 83' lang='lat' dir='ltr'><strong>indolem</strong></span> <span class='ocrx_word' id='word_1_46' title='bbox 890 1167 1057 1248; x_wconf 89' lang='lat' dir='ltr'><strong>comparet</strong></span> <span class='ocrx_word' id='word_1_47' title='bbox 1082 1136 1353 1249; x_wconf 82' lang='lat' dir='ltr'><strong>subscriptionem</strong></span> <span class='ocrx_word' id='word_1_48' title='bbox 1380 1157 1475 1244; x_wconf 84' lang='lat' dir='ltr'><strong>ejus,</strong></span> <span class='ocrx_word' id='word_1_49' title='bbox 1518 1160 1611 1246; x_wconf 84' lang='lat' dir='ltr'><strong>cujus</strong></span> <span class='ocrx_word' id='word_1_50' title='bbox 1636 1161 1683 1254; x_wconf 68' lang='lat' dir='ltr'><strong>in‘</strong></span> <span class='ocrx_word' id='word_1_51' title='bbox 1696 1174 1774 1230; x_wconf 88' lang='lat' dir='ltr'><strong>notu</strong></span> 
     </span>
     <span class='ocr_line' id='line_1_7' title="bbox 410 1282 1777 1376; baseline 0.004 -26"><span class='ocrx_word' id='word_1_52' title='bbox 410 1283 451 1350; x_wconf 88' lang='lat' dir='ltr'><strong>ad</strong></span> <span class='ocrx_word' id='word_1_53' title='bbox 476 1282 622 1375; x_wconf 85' lang='lat' dir='ltr'><strong>proxime</strong></span> <span class='ocrx_word' id='word_1_54' title='bbox 648 1284 889 1352; x_wconf 75' lang='lat' dir='ltr'><strong>antecedentem</strong></span> <span class='ocrx_word' id='word_1_55' title='bbox 914 1285 1111 1352; x_wconf 79' lang='lat' dir='ltr'><strong>mentionem</strong></span> <span class='ocrx_word' id='word_1_56' title='bbox 1136 1285 1223 1370; x_wconf 76' lang='lat' dir='ltr'><strong>leci3</strong></span> <span class='ocrx_word' id='word_1_57' title='bbox 1249 1283 1295 1349; x_wconf 86' lang='lat' dir='ltr'><strong>ihi</strong></span> <span class='ocrx_word' id='word_1_58' title='bbox 1319 1283 1405 1350; x_wconf 89' lang='lat' dir='ltr'><strong>enim</strong></span> <span class='ocrx_word' id='word_1_59' title='bbox 1422 1285 1542 1376; x_wconf 84' lang='lat' dir='ltr'><strong>pariter</strong></span> <span class='ocrx_word' id='word_1_60' title='bbox 1561 1286 1680 1355; x_wconf 84' lang='lat' dir='ltr'><strong>omissa</strong></span> <span class='ocrx_word' id='word_1_61' title='bbox 1703 1312 1777 1356; x_wconf 48' lang='lat' dir='ltr'><strong>sae·¹</strong></span> 
     </span>
     <span class='ocr_line' id='line_1_8' title="bbox 413 1397 1772 1507; baseline 0.004 -29"><span class='ocrx_word' id='word_1_62' title='bbox 413 1409 478 1478; x_wconf 90' lang='lat' dir='ltr'><strong>culi</strong></span> <span class='ocrx_word' id='word_1_63' title='bbox 502 1397 669 1478; x_wconf 76' lang='lat' dir='ltr'><strong>notatione</strong></span> <span class='ocrx_word' id='word_1_64' title='bbox 694 1412 951 1504; x_wconf 81' lang='lat' dir='ltr'><strong>septuagesimus</strong></span> <span class='ocrx_word' id='word_1_65' title='bbox 976 1435 1083 1480; x_wconf 90' lang='lat' dir='ltr'><strong>nonus</strong></span> <span class='ocrx_word' id='word_1_66' title='bbox 1109 1410 1246 1496; x_wconf 87' lang='lat' dir='ltr'><strong>dicitur,</strong></span> <span class='ocrx_word' id='word_1_67' title='bbox 1272 1434 1369 1502; x_wconf 87' lang='lat' dir='ltr'><strong>quem</strong></span> <span class='ocrx_word' id='word_1_68' title='bbox 1390 1411 1487 1478; x_wconf 75' lang='lat' dir='ltr'><strong>tata</strong></span> <span class='ocrx_word' id='word_1_69' title='bbox 1514 1435 1587 1480; x_wconf 89' lang='lat' dir='ltr'><strong>csse</strong></span> <span class='ocrx_word' id='word_1_70' title='bbox 1606 1413 1772 1507; x_wconf 85' lang='lat' dir='ltr'><strong>scriptoris</strong></span> 
     </span>
     <span class='ocr_line' id='line_1_9' title="bbox 411 1535 964 1608; baseline 0.009 -7"><span class='ocrx_word' id='word_1_71' title='bbox 411 1559 530 1602; x_wconf 89' lang='lat' dir='ltr'><strong>nomeu</strong></span> <span class='ocrx_word' id='word_1_72' title='bbox 552 1535 808 1604; x_wconf 80' lang='lat' dir='ltr'><strong>luculentissime</strong></span> <span class='ocrx_word' id='word_1_73' title='bbox 833 1538 964 1608; x_wconf 82' lang='lat' dir='ltr'><strong>evincit.</strong></span> 
     </span>
    </p>
   </div>
   <div class='ocr_carea' id='block_1_3' title="bbox 219 1685 1832 2854">
    <p class='ocr_par' dir='ltr' id='par_1_3' title="bbox 381 1685 1770 1806">
     <span class='ocr_line' id='line_1_10' title="bbox 381 1685 1770 1806; baseline 0.01 -44"><span class='ocrx_word' id='word_1_74' title='bbox 381 1689 428 1763; x_wconf 86' lang='lat' dir='ltr'><strong>B.</strong></span> <span class='ocrx_word' id='word_1_75' title='bbox 446 1698 484 1768; x_wconf 85' lang='grc'><strong>9.</strong></span> <span class='ocrx_word' id='word_1_76' title='bbox 513 1692 659 1770; x_wconf 78' lang='lat' dir='ltr'><strong>Codex</strong></span> <span class='ocrx_word' id='word_1_77' title='bbox 675 1689 904 1776; x_wconf 79' lang='lat' dir='ltr'><strong>chartaceus</strong></span> <span class='ocrx_word' id='word_1_78' title='bbox 923 1713 1023 1769; x_wconf 87' lang='lat' dir='ltr'><strong>saec.</strong></span> <span class='ocrx_word' id='word_1_79' title='bbox 1048 1693 1121 1768; x_wconf 89' lang='lat' dir='ltr'><strong>XV</strong></span> <span class='ocrx_word' id='word_1_80' title='bbox 1133 1685 1332 1806; x_wconf 42' lang='lat' dir='ltr'><strong>⁵foliorum</strong></span> <span class='ocrx_word' id='word_1_81' title='bbox 1357 1693 1447 1770; x_wconf 85' lang='lat' dir='ltr'><strong>LVI</strong></span> <span class='ocrx_word' id='word_1_82' title='bbox 1474 1689 1628 1772; x_wconf 86' lang='lat' dir='ltr'><strong>formae</strong></span> <span class='ocrx_word' id='word_1_83' title='bbox 1654 1695 1770 1776; x_wconf 87' lang='lat' dir='ltr'><strong>solita</strong></span> 
     </span>
    </p>

    <p class='ocr_par' dir='ltr' id='par_1_4' title="bbox 237 1809 1769 1946">
     <span class='ocr_line' id='line_1_11' title="bbox 237 1809 1769 1946; baseline 0.005 -28"><span class='ocrx_word' id='word_1_84' title='bbox 237 1833 240 1842; x_wconf 55' lang='grc'>’</span> <span class='ocrx_word' id='word_1_85' title='bbox 281 1809 446 1943; x_wconf 77' lang='lat' dir='ltr'><strong>majoris</strong></span> <span class='ocrx_word' id='word_1_86' title='bbox 473 1845 519 1921; x_wconf 90' lang='lat' dir='ltr'><strong>A.</strong></span> <span class='ocrx_word' id='word_1_87' title='bbox 542 1850 598 1922; x_wconf 92' lang='grc' dir='ltr'><strong>Μ.</strong></span> <span class='ocrx_word' id='word_1_88' title='bbox 627 1888 675 1903; x_wconf 93' lang='grc'>-</span> <span class='ocrx_word' id='word_1_89' title='bbox 701 1817 892 1921; x_wconf 78' lang='lat' dir='ltr'><strong>Continet</strong></span> <span class='ocrx_word' id='word_1_90' title='bbox 916 1840 1116 1916; x_wconf 80' lang='lat' dir='ltr'><strong>medicinale</strong></span> <span class='ocrx_word' id='word_1_91' title='bbox 1140 1841 1225 1915; x_wconf 84' lang='lat' dir='ltr'><strong>utile</strong></span> <span class='ocrx_word' id='word_1_92' title='bbox 1250 1851 1284 1915; x_wconf 89' lang='lat' dir='ltr'><strong>et</strong></span> <span class='ocrx_word' id='word_1_93' title='bbox 1310 1844 1433 1916; x_wconf 87' lang='lat' dir='ltr'><strong>bonnm</strong></span> <span class='ocrx_word' id='word_1_94' title='bbox 1444 1893 1458 1936; x_wconf 87' lang='lat'><strong><em>,</em></strong></span> <span class='ocrx_word' id='word_1_95' title='bbox 1484 1845 1550 1920; x_wconf 86' lang='lat' dir='ltr'><strong>cui</strong></span> <span class='ocrx_word' id='word_1_96' title='bbox 1576 1845 1769 1946; x_wconf 82' lang='lat' dir='ltr'><strong>praefixae</strong></span> 
     </span>
    </p>

    <p class='ocr_par' dir='ltr' id='par_1_5' title="bbox 282 1970 1768 2112">
     <span class='ocr_line' id='line_1_12' title="bbox 282 1970 1768 2112; baseline 0.001 -39"><span class='ocrx_word' id='word_1_97' title='bbox 282 1970 378 2073; x_wconf 86' lang='lat' dir='ltr'><strong>sunt</strong></span> <span class='ocrx_word' id='word_1_98' title='bbox 402 1995 561 2074; x_wconf 90' lang='lat' dir='ltr'><strong>tabulae</strong></span> <span class='ocrx_word' id='word_1_99' title='bbox 587 1997 691 2074; x_wconf 88' lang='lat' dir='ltr'><strong>duae</strong></span> <span class='ocrx_word' id='word_1_100' title='bbox 713 1989 1018 2096; x_wconf 80' lang='lat' dir='ltr'><strong>typographicae</strong></span> <span class='ocrx_word' id='word_1_101' title='bbox 1048 1993 1097 2071; x_wconf 91' lang='lat' dir='ltr'><strong>ab</strong></span> <span class='ocrx_word' id='word_1_102' title='bbox 1123 1989 1329 2112; x_wconf 76' lang='lat' dir='ltr'><strong>Alexandro</strong></span> <span class='ocrx_word' id='word_1_103' title='bbox 1356 1993 1433 2068; x_wconf 74' lang='lat' dir='ltr'><strong>Sita</strong></span> <span class='ocrx_word' id='word_1_104' title='bbox 1459 2000 1584 2070; x_wconf 82' lang='lat' dir='ltr'><strong>artium</strong></span> <span class='ocrx_word' id='word_1_105' title='bbox 1606 2009 1640 2072; x_wconf 89' lang='lat' dir='ltr'><strong>et</strong></span> <span class='ocrx_word' id='word_1_106' title='bbox 1665 2002 1768 2074; x_wconf 83' lang='lat' dir='ltr'><strong>medi-</strong></span> 
     </span>
    </p>

    <p class='ocr_par' dir='ltr' id='par_1_6' title="bbox 266 2141 1766 2244">
     <span class='ocr_line' id='line_1_13' title="bbox 266 2141 1766 2244; baseline 0.006 -25"><span class='ocrx_word' id='word_1_107' title='bbox 266 2149 379 2220; x_wconf 73' lang='lat' dir='ltr'><strong>&#39;cinnc</strong></span> <span class='ocrx_word' id='word_1_108' title='bbox 415 2148 554 2221; x_wconf 86' lang='lat' dir='ltr'><strong>doctore</strong></span> <span class='ocrx_word' id='word_1_109' title='bbox 592 2172 635 2219; x_wconf 80' lang='lat' dir='ltr'><strong>ea</strong></span> <span class='ocrx_word' id='word_1_110' title='bbox 666 2144 865 2244; x_wconf 80' lang='lat' dir='ltr'><strong>Mappnch</strong></span> <span class='ocrx_word' id='word_1_111' title='bbox 895 2145 1035 2243; x_wconf 75' lang='lat' dir='ltr'><strong>physico</strong></span> <span class='ocrx_word' id='word_1_112' title='bbox 1065 2147 1101 2215; x_wconf 92' lang='lat' dir='ltr'><strong>in</strong></span> <span class='ocrx_word' id='word_1_113' title='bbox 1132 2143 1287 2219; x_wconf 87' lang='lat' dir='ltr'><strong>Monaao</strong></span> <span class='ocrx_word' id='word_1_114' title='bbox 1319 2141 1487 2222; x_wconf 78' lang='lat' dir='ltr'><strong>Andreae</strong></span> <span class='ocrx_word' id='word_1_115' title='bbox 1519 2149 1669 2224; x_wconf 76' lang='lat' dir='ltr'><strong>Falconi</strong></span> <span class='ocrx_word' id='word_1_116' title='bbox 1702 2153 1766 2230; x_wconf 91' lang='lat' dir='ltr'><strong>in·</strong></span> 
     </span>
    </p>

    <p class='ocr_par' dir='ltr' id='par_1_7' title="bbox 281 2268 1768 2400">
     <span class='ocr_line' id='line_1_14' title="bbox 281 2268 1768 2400; baseline 0.003 -26"><span class='ocrx_word' id='word_1_117' title='bbox 281 2297 449 2400; x_wconf 77' lang='lat' dir='ltr'><strong>scriptae</strong></span> <span class='ocrx_word' id='word_1_118' title='bbox 475 2310 515 2375; x_wconf 91' lang='lat' dir='ltr'><strong>et</strong></span> <span class='ocrx_word' id='word_1_119' title='bbox 537 2296 746 2370; x_wconf 74' lang='lat' dir='ltr'><strong>Londahnti</strong></span> <span class='ocrx_word' id='word_1_120' title='bbox 767 2271 832 2395; x_wconf 81' lang='lat' dir='ltr'><strong>per</strong></span> <span class='ocrx_word' id='word_1_121' title='bbox 849 2268 1020 2369; x_wconf 81' lang='lat' dir='ltr'><strong>Joonnem</strong></span> <span class='ocrx_word' id='word_1_122' title='bbox 1039 2294 1342 2397; x_wconf 75' lang='lat' dir='ltr'><strong>Wepssentnrper</strong></span> <span class='ocrx_word' id='word_1_123' title='bbox 1357 2297 1600 2398; x_wconf 86' lang='lat' dir='ltr'><strong>impressae,</strong></span> <span class='ocrx_word' id='word_1_124' title='bbox 1624 2299 1668 2374; x_wconf 92' lang='lat' dir='ltr'><strong>in</strong></span> <span class='ocrx_word' id='word_1_125' title='bbox 1685 2299 1768 2400; x_wconf 86' lang='lat' dir='ltr'><strong>fine</strong></span> 
     </span>
    </p>

    <p class='ocr_par' dir='ltr' id='par_1_8' title="bbox 280 2413 1769 2560">
     <span class='ocr_line' id='line_1_15' title="bbox 280 2413 1769 2560; baseline 0 -31"><span class='ocrx_word' id='word_1_126' title='bbox 280 2462 417 2529; x_wconf 79' lang='lat' dir='ltr'><strong>autem</strong></span> <span class='ocrx_word' id='word_1_127' title='bbox 455 2450 651 2537; x_wconf 85' lang='lat' dir='ltr'><strong>accedunt</strong></span> <span class='ocrx_word' id='word_1_128' title='bbox 690 2447 822 2526; x_wconf 90' lang='lat' dir='ltr'><strong>theses</strong></span> <span class='ocrx_word' id='word_1_129' title='bbox 865 2469 888 2527; x_wconf 91' lang='lat' dir='ltr'><strong>a</strong></span> <span class='ocrx_word' id='word_1_130' title='bbox 920 2446 1059 2522; x_wconf 84' lang='lat' dir='ltr'><strong>Joanne</strong></span> <span class='ocrx_word' id='word_1_131' title='bbox 1077 2497 1079 2516; x_wconf 83' lang='lat'><em>.</em></span> <span class='ocrx_word' id='word_1_132' title='bbox 1096 2413 1255 2521; x_wconf 73' lang='lat' dir='ltr'><strong>Cannutio</strong></span> <span class='ocrx_word' id='word_1_133' title='bbox 1288 2447 1513 2548; x_wconf 84' lang='lat' dir='ltr'><strong>propositae</strong></span> <span class='ocrx_word' id='word_1_134' title='bbox 1554 2449 1693 2560; x_wconf 81' lang='lat' dir='ltr'><strong>Paviae</strong></span> <span class='ocrx_word' id='word_1_135' title='bbox 1732 2473 1769 2531; x_wconf 84' lang='lat' dir='ltr'><strong>a.</strong></span> 
     </span>
    </p>

    <p class='ocr_par' dir='ltr' id='par_1_9' title="bbox 219 2597 1832 2854">
     <span class='ocr_line' id='line_1_16' title="bbox 219 2597 1767 2704; baseline 0.004 -30"><span class='ocrx_word' id='word_1_136' title='bbox 219 2647 226 2652; x_wconf 96' lang='lat'><em>-</em></span> <span class='ocrx_word' id='word_1_137' title='bbox 283 2607 381 2675; x_wconf 77' lang='lat' dir='ltr'><strong>tusa</strong></span> <span class='ocrx_word' id='word_1_138' title='bbox 414 2615 454 2680; x_wconf 90' lang='lat' dir='ltr'><strong>et</strong></span> <span class='ocrx_word' id='word_1_139' title='bbox 486 2607 585 2676; x_wconf 74' lang='lat' dir='ltr'><strong>tato</strong></span> <span class='ocrx_word' id='word_1_140' title='bbox 612 2602 852 2704; x_wconf 83' lang='lat' dir='ltr'><strong>tabulaeque</strong></span> <span class='ocrx_word' id='word_1_141' title='bbox 883 2623 950 2678; x_wconf 85' lang='lat' dir='ltr'><strong>sex</strong></span> <span class='ocrx_word' id='word_1_142' title='bbox 974 2599 1156 2675; x_wconf 75' lang='lat' dir='ltr'><strong>Leonmdi</strong></span> <span class='ocrx_word' id='word_1_143' title='bbox 1177 2599 1320 2674; x_wconf 81' lang='lat' dir='ltr'><strong>Fuchsii</strong></span> <span class='ocrx_word' id='word_1_144' title='bbox 1342 2623 1386 2672; x_wconf 81' lang='lat' dir='ltr'><strong>ex</strong></span> <span class='ocrx_word' id='word_1_145' title='bbox 1413 2597 1547 2673; x_wconf 79' lang='lat' dir='ltr'><strong>Galerio</strong></span> <span class='ocrx_word' id='word_1_146' title='bbox 1572 2602 1675 2703; x_wconf 85' lang='lat' dir='ltr'><strong>typis</strong></span> <span class='ocrx_word' id='word_1_147' title='bbox 1702 2627 1767 2682; x_wconf 81' lang='lat' dir='ltr'><strong>ex·</strong></span> 
     </span>
     <span class='ocr_line' id='line_1_17' title="bbox 228 2718 1832 2854; baseline 0.004 -26"><span class='ocrx_word' id='word_1_148' title='bbox 228 2718 233 2724; x_wconf 86' lang='lat'>.</span> <span class='ocrx_word' id='word_1_149' title='bbox 281 2773 419 2846; x_wconf 86' lang='lat' dir='ltr'><strong>cusae,</strong></span> <span class='ocrx_word' id='word_1_150' title='bbox 452 2752 750 2854; x_wconf 86' lang='lat' dir='ltr'><strong>manuscriptae</strong></span> <span class='ocrx_word' id='word_1_151' title='bbox 783 2751 959 2852; x_wconf 85' lang='lat' dir='ltr'><strong>denique</strong></span> <span class='ocrx_word' id='word_1_152' title='bbox 1000 2749 1199 2842; x_wconf 82' lang='lat' dir='ltr'><strong>formulae</strong></span> <span class='ocrx_word' id='word_1_153' title='bbox 1231 2748 1411 2826; x_wconf 88' lang='lat' dir='ltr'><strong>medicae</strong></span> <span class='ocrx_word' id='word_1_154' title='bbox 1446 2775 1518 2850; x_wconf 89' lang='lat' dir='ltr'><strong>per</strong></span> <span class='ocrx_word' id='word_1_155' title='bbox 1548 2748 1644 2830; x_wconf 90' lang='lat' dir='ltr'><strong>folia</strong></span> <span class='ocrx_word' id='word_1_156' title='bbox 1669 2757 1765 2847; x_wconf 88' lang='lat' dir='ltr'><strong>Vll,</strong></span> <span class='ocrx_word' id='word_1_157' title='bbox 1829 2751 1832 2757; x_wconf 66' lang='grc'><em>’</em></span> 
     </span>
    </p>
   </div>
   <div class='ocr_carea' id='block_1_4' title="bbox 280 2895 1765 3004">
    <p class='ocr_par' dir='ltr' id='par_1_10' title="bbox 280 2895 1765 3004">
     <span class='ocr_line' id='line_1_18' title="bbox 280 2895 1765 3004; baseline -0.001 -25"><span class='ocrx_word' id='word_1_158' title='bbox 280 2927 459 3004; x_wconf 87' lang='lat' dir='ltr'><strong>quorum</strong></span> <span class='ocrx_word' id='word_1_159' title='bbox 483 2903 617 3004; x_wconf 90' lang='lat' dir='ltr'><strong>primo</strong></span> <span class='ocrx_word' id='word_1_160' title='bbox 636 2901 690 2980; x_wconf 85' lang='lat' dir='ltr'><strong>ab</strong></span> <span class='ocrx_word' id='word_1_161' title='bbox 718 2899 793 2990; x_wconf 90' lang='lat' dir='ltr'><strong>alia</strong></span> <span class='ocrx_word' id='word_1_162' title='bbox 813 2923 943 2979; x_wconf 88' lang='lat' dir='ltr'><strong>maun</strong></span> <span class='ocrx_word' id='word_1_163' title='bbox 959 2900 1201 3002; x_wconf 87' lang='lat' dir='ltr'><strong>inscriptum</strong></span> <span class='ocrx_word' id='word_1_164' title='bbox 1221 2914 1303 2978; x_wconf 83' lang='lat' dir='ltr'><strong>est:</strong></span> <span class='ocrx_word' id='word_1_165' title='bbox 1330 2925 1374 2974; x_wconf 83' lang='lat' dir='ltr'><strong>ex</strong></span> <span class='ocrx_word' id='word_1_166' title='bbox 1398 2895 1550 2972; x_wconf 75' lang='lat' dir='ltr'><strong>aduensi</strong></span> <span class='ocrx_word' id='word_1_167' title='bbox 1572 2905 1765 3002; x_wconf 73' lang='lat' dir='ltr'><strong>sequentia,</strong></span> 
     </span>
    </p>
   </div>
   <div class='ocr_carea' id='block_1_5' title="bbox 280 3049 1913 4165">
    <p class='ocr_par' dir='ltr' id='par_1_11' title="bbox 280 3049 1555 3151">
     <span class='ocr_line' id='line_1_19' title="bbox 280 3049 1555 3151; baseline 0.002 -29"><span class='ocrx_word' id='word_1_168' title='bbox 280 3055 459 3134; x_wconf 84' lang='lat' dir='ltr'><strong>secundo</strong></span> <span class='ocrx_word' id='word_1_169' title='bbox 485 3067 648 3134; x_wconf 79' lang='lat' dir='ltr'><strong>autem:</strong></span> <span class='ocrx_word' id='word_1_170' title='bbox 686 3052 847 3135; x_wconf 66' lang='lat' dir='ltr'><strong>cillentur</strong></span> <span class='ocrx_word' id='word_1_171' title='bbox 872 3074 943 3123; x_wconf 83' lang='lat' dir='ltr'><strong>esre</strong></span> <span class='ocrx_word' id='word_1_172' title='bbox 965 3073 1009 3122; x_wconf 82' lang='lat' dir='ltr'><strong>ex</strong></span> <span class='ocrx_word' id='word_1_173' title='bbox 1033 3049 1245 3123; x_wconf 80' lang='lat' dir='ltr'><strong>antidotario</strong></span> <span class='ocrx_word' id='word_1_174' title='bbox 1270 3049 1399 3124; x_wconf 90' lang='lat' dir='ltr'><strong>nicolai</strong></span> <span class='ocrx_word' id='word_1_175' title='bbox 1421 3051 1555 3151; x_wconf 77' lang='lat' dir='ltr'><strong>majori.</strong></span> 
     </span>
    </p>

    <p class='ocr_par' dir='ltr' id='par_1_12' title="bbox 401 3159 1913 4165">
     <span class='ocr_line' id='line_1_20' title="bbox 477 3159 1805 3278; baseline 0.004 -25"><span class='ocrx_word' id='word_1_176' title='bbox 477 3187 530 3253; x_wconf 88' lang='lat' dir='ltr'><strong>Dc</strong></span> <span class='ocrx_word' id='word_1_177' title='bbox 556 3195 687 3252; x_wconf 84' lang='lat' dir='ltr'><strong>auctore</strong></span> <span class='ocrx_word' id='word_1_178' title='bbox 712 3159 799 3250; x_wconf 37' lang='lat' dir='ltr'><strong>libri*</strong></span> <span class='ocrx_word' id='word_1_179' title='bbox 812 3181 964 3274; x_wconf 85' lang='lat' dir='ltr'><strong>quoniam</strong></span> <span class='ocrx_word' id='word_1_180' title='bbox 989 3204 1057 3249; x_wconf 90' lang='lat' dir='ltr'><strong>non</strong></span> <span class='ocrx_word' id='word_1_181' title='bbox 1081 3182 1186 3249; x_wconf 82' lang='lat' dir='ltr'><strong>lrabco</strong></span> <span class='ocrx_word' id='word_1_182' title='bbox 1212 3183 1301 3272; x_wconf 85' lang='lat' dir='ltr'><strong>quod</strong></span> <span class='ocrx_word' id='word_1_183' title='bbox 1326 3184 1450 3267; x_wconf 83' lang='lat' dir='ltr'><strong>dicam,</strong></span> <span class='ocrx_word' id='word_1_184' title='bbox 1474 3185 1666 3278; x_wconf 83' lang='lat' dir='ltr'><strong>principium</strong></span> <span class='ocrx_word' id='word_1_185' title='bbox 1692 3190 1763 3278; x_wconf 87' lang='lat' dir='ltr'><strong>ejus</strong></span> <span class='ocrx_word' id='word_1_186' title='bbox 1797 3163 1805 3170; x_wconf 85' lang='lat'>.</span> 
     </span>
     <span class='ocr_line' id='line_1_21' title="bbox 401 3288 1913 3407; baseline 0.004 -27"><span class='ocrx_word' id='word_1_187' title='bbox 401 3313 513 3407; x_wconf 85' lang='lat' dir='ltr'><strong>paullo</strong></span> <span class='ocrx_word' id='word_1_188' title='bbox 543 3310 649 3404; x_wconf 67' lang='lat' dir='ltr'><strong>fusius</strong></span> <span class='ocrx_word' id='word_1_189' title='bbox 680 3310 876 3403; x_wconf 88' lang='lat' dir='ltr'><strong>exscriptum</strong></span> <span class='ocrx_word' id='word_1_190' title='bbox 906 3308 1052 3396; x_wconf 85' lang='lat' dir='ltr'><strong>subjeci,</strong></span> <span class='ocrx_word' id='word_1_191' title='bbox 1090 3321 1128 3375; x_wconf 90' lang='lat' dir='ltr'><strong>ut</strong></span> <span class='ocrx_word' id='word_1_192' title='bbox 1161 3288 1288 3378; x_wconf 81' lang='lat' dir='ltr'><strong>facilius</strong></span> <span class='ocrx_word' id='word_1_193' title='bbox 1322 3311 1363 3377; x_wconf 93' lang='lat' dir='ltr'><strong>de</strong></span> <span class='ocrx_word' id='word_1_194' title='bbox 1398 3311 1469 3398; x_wconf 87' lang='lat' dir='ltr'><strong>ejus</strong></span> <span class='ocrx_word' id='word_1_195' title='bbox 1492 3305 1604 3380; x_wconf 85' lang='lat' dir='ltr'><strong>indole</strong></span> <span class='ocrx_word' id='word_1_196' title='bbox 1622 3314 1763 3402; x_wconf 85' lang='lat' dir='ltr'><strong>judicari</strong></span> <span class='ocrx_word' id='word_1_197' title='bbox 1907 3317 1913 3328; x_wconf 81' lang='grc'><em>“</em></span> 
     </span>
     <span class='ocr_line' id='line_1_22' title="bbox 401 3435 1763 3532; baseline 0.004 -25"><span class='ocrx_word' id='word_1_198' title='bbox 401 3439 526 3532; x_wconf 70' lang='lat' dir='ltr'><strong>possita</strong></span> <span class='ocrx_word' id='word_1_199' title='bbox 563 3439 608 3505; x_wconf 89' lang='lat' dir='ltr'><strong>In</strong></span> <span class='ocrx_word' id='word_1_200' title='bbox 644 3437 775 3505; x_wconf 84' lang='lat' dir='ltr'><strong>nomine</strong></span> <span class='ocrx_word' id='word_1_201' title='bbox 808 3436 932 3502; x_wconf 89' lang='lat' dir='ltr'><strong>domini</strong></span> <span class='ocrx_word' id='word_1_202' title='bbox 964 3437 1058 3504; x_wconf 83' lang='lat' dir='ltr'><strong>anius</strong></span> <span class='ocrx_word' id='word_1_203' title='bbox 1090 3437 1233 3504; x_wconf 86' lang='lat' dir='ltr'><strong>bonitate</strong></span> <span class='ocrx_word' id='word_1_204' title='bbox 1266 3435 1356 3502; x_wconf 85' lang='lat' dir='ltr'><strong>uadis</strong></span> <span class='ocrx_word' id='word_1_205' title='bbox 1389 3437 1566 3505; x_wconf 64' lang='lat' dir='ltr'><strong>hatmsimis</strong></span> <span class='ocrx_word' id='word_1_206' title='bbox 1598 3444 1695 3509; x_wconf 70' lang='lat' dir='ltr'><strong>sociis</strong></span> <span class='ocrx_word' id='word_1_207' title='bbox 1730 3458 1763 3512; x_wconf 88' lang='lat' dir='ltr'><strong>et</strong></span> 
     </span>
     <span class='ocr_line' id='line_1_23' title="bbox 404 3561 1761 3667; baseline 0.003 -33"><span class='ocrx_word' id='word_1_208' title='bbox 404 3568 581 3635; x_wconf 68' lang='grc' dir='ltr'><strong>εσοῑανῶιω</strong></span> <span class='ocrx_word' id='word_1_209' title='bbox 607 3563 691 3632; x_wconf 83' lang='lat' dir='ltr'><strong>¹meis</strong></span> <span class='ocrx_word' id='word_1_210' title='bbox 723 3566 848 3632; x_wconf 84' lang='lat' dir='ltr'><strong>debitor</strong></span> <span class='ocrx_word' id='word_1_211' title='bbox 877 3586 951 3630; x_wconf 87' lang='lat' dir='ltr'><strong>surn</strong></span> <span class='ocrx_word' id='word_1_212' title='bbox 983 3563 1028 3628; x_wconf 85' lang='lat' dir='ltr'><strong>ud</strong></span> <span class='ocrx_word' id='word_1_213' title='bbox 1051 3563 1264 3629; x_wconf 80' lang='lat' dir='ltr'><strong>erudiendum</strong></span> <span class='ocrx_word' id='word_1_214' title='bbox 1289 3561 1431 3634; x_wconf 80' lang='lat' dir='ltr'><strong>moribus</strong></span> <span class='ocrx_word' id='word_1_215' title='bbox 1455 3575 1487 3629; x_wconf 88' lang='lat' dir='ltr'><strong>et</strong></span> <span class='ocrx_word' id='word_1_216' title='bbox 1512 3568 1657 3636; x_wconf 78' lang='lat' dir='ltr'><strong>scientiis</strong></span> <span class='ocrx_word' id='word_1_217' title='bbox 1683 3573 1761 3667; x_wconf 85' lang='lat' dir='ltr'><strong>quia</strong></span> 
     </span>
     <span class='ocr_line' id='line_1_24' title="bbox 402 3690 1760 3786; baseline 0.006 -28"><span class='ocrx_word' id='word_1_218' title='bbox 402 3695 495 3782; x_wconf 84' lang='lat' dir='ltr'><strong>prius</strong></span> <span class='ocrx_word' id='word_1_219' title='bbox 519 3695 609 3761; x_wconf 82' lang='lat' dir='ltr'><strong>nohis</strong></span> <span class='ocrx_word' id='word_1_220' title='bbox 633 3693 757 3760; x_wconf 85' lang='lat' dir='ltr'><strong>tradidi</strong></span> <span class='ocrx_word' id='word_1_221' title='bbox 781 3692 1003 3781; x_wconf 84' lang='lat' dir='ltr'><strong>compendium</strong></span> <span class='ocrx_word' id='word_1_222' title='bbox 1027 3690 1199 3756; x_wconf 89' lang='lat' dir='ltr'><strong>moralium</strong></span> <span class='ocrx_word' id='word_1_223' title='bbox 1212 3692 1260 3756; x_wconf 77' lang='lat' dir='ltr'><strong>&#39;in</strong></span> <span class='ocrx_word' id='word_1_224' title='bbox 1286 3713 1350 3786; x_wconf 83' lang='lat' dir='ltr'><strong>quo</strong></span> <span class='ocrx_word' id='word_1_225' title='bbox 1370 3693 1580 3760; x_wconf 86' lang='lat' dir='ltr'><strong>continentur</strong></span> <span class='ocrx_word' id='word_1_226' title='bbox 1601 3702 1760 3766; x_wconf 84' lang='lat' dir='ltr'><strong>sententie</strong></span> 
     </span>
     <span class='ocr_line' id='line_1_25' title="bbox 402 3809 1820 3924; baseline 0.006 -39"><span class='ocrx_word' id='word_1_227' title='bbox 402 3819 661 3910; x_wconf 70' lang='lat' dir='ltr'><strong>philosophorum</strong></span> <span class='ocrx_word' id='word_1_228' title='bbox 676 3877 679 3889; x_wconf 92' lang='lat'>.</span> <span class='ocrx_word' id='word_1_229' title='bbox 693 3832 726 3888; x_wconf 89' lang='lat' dir='ltr'><strong>et</strong></span> <span class='ocrx_word' id='word_1_230' title='bbox 760 3821 978 3911; x_wconf 65' lang='lat' dir='ltr'><strong>theologorum</strong></span> <span class='ocrx_word' id='word_1_231' title='bbox 1011 3828 1109 3915; x_wconf 82' lang='lat' dir='ltr'><strong>atquc</strong></span> <span class='ocrx_word' id='word_1_232' title='bbox 1141 3817 1232 3883; x_wconf 88' lang='lat' dir='ltr'><strong>vohis</strong></span> <span class='ocrx_word' id='word_1_233' title='bbox 1266 3818 1388 3884; x_wconf 88' lang='lat' dir='ltr'><strong>tradidi</strong></span> <span class='ocrx_word' id='word_1_234' title='bbox 1413 3819 1555 3884; x_wconf 81' lang='lat' dir='ltr'><strong>hrerriter</strong></span> <span class='ocrx_word' id='word_1_235' title='bbox 1578 3827 1784 3924; x_wconf 20' lang='lat' dir='ltr'><strong>sententias,</strong></span> <span class='ocrx_word' id='word_1_236' title='bbox 1816 3809 1820 3813; x_wconf 83' lang='lat'><em>.</em></span> 
     </span>
     <span class='ocr_line' id='line_1_26' title="bbox 408 3945 1866 4045; baseline 0.003 -33"><span class='ocrx_word' id='word_1_237' title='bbox 408 3949 585 4014; x_wconf 84' lang='lat' dir='ltr'><strong>orestotilis</strong></span> <span class='ocrx_word' id='word_1_238' title='bbox 608 3949 806 4040; x_wconf 76' lang='lat' dir='ltr'><strong>philosophie</strong></span> <span class='ocrx_word' id='word_1_239' title='bbox 838 3959 871 4014; x_wconf 92' lang='lat' dir='ltr'><strong>et</strong></span> <span class='ocrx_word' id='word_1_240' title='bbox 901 3968 1079 4037; x_wconf 79' lang='lat' dir='ltr'><strong>pantorum</strong></span> <span class='ocrx_word' id='word_1_241' title='bbox 1103 3947 1305 4012; x_wconf 80' lang='lat' dir='ltr'><strong>naturalium</strong></span> <span class='ocrx_word' id='word_1_242' title='bbox 1329 3945 1430 4013; x_wconf 86' lang='lat' dir='ltr'><strong>Nunc</strong></span> <span class='ocrx_word' id='word_1_243' title='bbox 1453 3957 1686 4045; x_wconf 72' lang='lat' dir='ltr'><strong>carnequenter</strong></span> <span class='ocrx_word' id='word_1_244' title='bbox 1709 3975 1759 4020; x_wconf 84' lang='lat' dir='ltr'><strong>sc·</strong></span> <span class='ocrx_word' id='word_1_245' title='bbox 1863 3959 1866 3965; x_wconf 79' lang='grc'><strong>’</strong></span> 
     </span>
     <span class='ocr_line' id='line_1_27' title="bbox 404 4070 1758 4165; baseline 0.004 -25"><span class='ocrx_word' id='word_1_246' title='bbox 404 4075 556 4147; x_wconf 86' lang='lat' dir='ltr'><strong>cundum.</strong></span> <span class='ocrx_word' id='word_1_247' title='bbox 578 4077 822 4165; x_wconf 81' lang='lat' dir='ltr'><strong>promissionem</strong></span> <span class='ocrx_word' id='word_1_248' title='bbox 854 4073 945 4140; x_wconf 82' lang='lat' dir='ltr'><strong>uobis</strong></span> <span class='ocrx_word' id='word_1_249' title='bbox 979 4095 1001 4137; x_wconf 92' lang='lat' dir='ltr'><strong>a</strong></span> <span class='ocrx_word' id='word_1_250' title='bbox 1032 4095 1083 4137; x_wconf 88' lang='lat' dir='ltr'><strong>me</strong></span> <span class='ocrx_word' id='word_1_251' title='bbox 1114 4070 1239 4161; x_wconf 75' lang='lat' dir='ltr'><strong>fuctum</strong></span> <span class='ocrx_word' id='word_1_252' title='bbox 1272 4071 1343 4138; x_wconf 85' lang='lat' dir='ltr'><strong>uolo</strong></span> <span class='ocrx_word' id='word_1_253' title='bbox 1374 4074 1536 4161; x_wconf 87' lang='lat' dir='ltr'><strong>impartiri</strong></span> <span class='ocrx_word' id='word_1_254' title='bbox 1567 4075 1700 4142; x_wconf 83' lang='lat' dir='ltr'><strong>utiliora</strong></span> <span class='ocrx_word' id='word_1_255' title='bbox 1725 4090 1758 4145; x_wconf 88' lang='lat' dir='ltr'><strong>et</strong></span> 
     </span>
    </p>
   </div>
   <div class='ocr_carea' id='block_1_6' title="bbox 284 4200 1753 4298">
    <p class='ocr_par' dir='ltr' id='par_1_13' title="bbox 284 4200 1753 4298">
     <span class='ocr_line' id='line_1_28' title="bbox 284 4200 1753 4298; baseline -0.011 -25"><span class='ocrx_word' id='word_1_256' title='bbox 284 4291 287 4298; x_wconf 88' lang='lat'><em>.</em></span> <span class='ocrx_word' id='word_1_257' title='bbox 397 4203 531 4272; x_wconf 77' lang='lat' dir='ltr'><strong>nicliora</strong></span> <span class='ocrx_word' id='word_1_258' title='bbox 555 4203 638 4270; x_wconf 80' lang='lat' dir='ltr'><strong>artis</strong></span> <span class='ocrx_word' id='word_1_259' title='bbox 661 4201 819 4270; x_wconf 88' lang='lat' dir='ltr'><strong>medicine</strong></span> <span class='ocrx_word' id='word_1_260' title='bbox 844 4224 919 4272; x_wconf 82' lang='lat' dir='ltr'><strong>cum</strong></span> <span class='ocrx_word' id='word_1_261' title='bbox 943 4201 1173 4291; x_wconf 84' lang='lat' dir='ltr'><strong>experimentis</strong></span> <span class='ocrx_word' id='word_1_262' title='bbox 1196 4210 1229 4266; x_wconf 87' lang='lat' dir='ltr'><strong>et</strong></span> <span class='ocrx_word' id='word_1_263' title='bbox 1253 4200 1388 4268; x_wconf 87' lang='lat' dir='ltr'><strong>secretis</strong></span> <span class='ocrx_word' id='word_1_264' title='bbox 1414 4221 1477 4295; x_wconf 75' lang='lat' dir='ltr'><strong>pue</strong></span> <span class='ocrx_word' id='word_1_265' title='bbox 1502 4210 1561 4266; x_wconf 88' lang='lat' dir='ltr'><strong>ant</strong></span> <span class='ocrx_word' id='word_1_266' title='bbox 1579 4225 1672 4297; x_wconf 78' lang='lat' dir='ltr'><strong>quas</strong></span> <span class='ocrx_word' id='word_1_267' title='bbox 1686 4228 1753 4271; x_wconf 88' lang='lat' dir='ltr'><strong>mn.</strong></span> 
     </span>
    </p>
   </div>
   <div class='ocr_carea' id='block_1_7' title="bbox 0 0 1986 4998">
    <p class='ocr_par' dir='ltr' id='par_1_14' title="bbox 0 0 1986 4998">
     <span class='ocr_line' id='line_1_29' title="bbox 0 0 1986 4998; baseline 0 7"><span class='ocrx_word' id='word_1_268' title='bbox 0 0 1986 4998; x_wconf 95' lang='lat' dir='ltr'><strong> </strong></span> 
     </span>
    </p>
   </div>
  </div>
 </body>
</html>
