3964 4998
818 406 1069 493 ..ff-

171 648 175 658 '
200 626 401 708 orationes
428 621 676 704 Catilinarias
701 631 896 721 quatuor,
923 645 1019 699 cum
1034 619 1277 720 ·glossariolo
1299 633 1340 697 et
1355 621 1442 700 aliis
1459 643 1562 724 quae
1578 645 1681 701 non·

200 780 281 858 nisi
306 779 351 855 in
375 773 515 876 fugam
540 774 655 852 vacui
681 769 831 871 adjecta
857 797 943 850 esse
966 756 1170 852 videntur.

401 929 575 1014 Nondum,
602 939 759 1020 qnantum
783 894 1219 1026 equidemfsciojcollatna.
1268 923 1310 997 ln
1332 927 1415 994 liner
1439 932 1592 1020 templum
1615 955 1686 1021 per·
1720 889 1723 898 Ι

328 1053 533 1145 mpnifionm
557 1055 724 1122 concordie
748 1056 865 1121 statuit
890 1055 971 1122 licia
994 1037 1028 1124 'et
1048 1055 1186 1145 dicavit.

274 1241 323 1320 A.
340 1252 376 1318 5.
427 1237 566 1322 Codex
595 1219 824 1323 chartaceus
856 1269 955 1324 saec.
990 1250 1065 1325 XV
1101 1245 1232 1322 folior.
1260 1245 1503 1326 cxxxvln
1534 1243 1687 1325 formae

201 1399 306 1474 max.
331 1396 378 1471 A.
404 1399 468 1508 M.
498 1437 550 1452 -
590 1394 783 1470 Continet
806 1393 841 1493 a)
870 1394 1076 1472 Ciceronis
1102 1393 1427 1472 Tusculanarum
1453 1395 1687 1498 disputatio-

197 1565 308 1618 num
344 1541 471 1618 libros
509 1543 718 1644 quinque3
759 1543 796 1642 b)
822 1544 1027 1624 Plutarchi
1064 1541 1250 1621 libellum
1286 1542 1335 1620 de
1374 1543 1611 1622 educatione
1641 1568 1687 1621 ex
1817 1598 1823 1605 -

201 1695 531 1795 interpretatione
558 1693 679 1773 latina
704 1669 874 1772 Guarini
891 1696 1159 1789 Veronensis3
1194 1695 1224 1795 o)
1247 1695 1529 1797 Xenophontis
1546 1697 1687 1774 Hiero·

200 1870 297 1925 nem
321 1843 443 1920 latine
470 1865 517 1919 ex
542 1843 707 1941 interpr.
732 1845 931 1922 Leonardi
953 1845 1108 1920 Aretini
1120 1872 1133 1936 ;
1158 1843 1196 1943 d)
1223 1844 1358 1921 Basilii
1379 1843 1516 1945 Magni
1541 1844 1592 1922 ad
1615 1841 1687 1921 ne·
1755 1875 1757 1880 ·

199 1997 313 2099 'potes
347 2017 442 2069 suos
473 1992 523 2069 de
556 1989 734 2092 legendis
764 1992 877 2072 libris
904 1985 1180 2074 saecularibus
1200 1995 1453 2099 opusculum
1470 1996 1687 2096 interprete

203 2147 359 2225 eodem.

399 2273 452 2341 De
475 2233 540 2370 hoc
563 2270 674 2340 codice
699 2270 856 2338 habemns
876 2272 1035 2361 judicium
1061 2274 1103 2344 G.
1126 2273 1172 2343 Η.
1195 2272 1320 2346 Moseri
1350 2271 1387 2341 in
1409 2271 1510 2366 prael.
1533 2271 1686 2340 editionis
1714 2246 1720 2250 ⁴

328 2425 406 2470 enae
431 2387 687 2466 Tusculanarum
725 2400 889 2490 (Hannon
919 2405 1027 2498 1856.
1053 2404 1092 2491 8)
1126 2403 1166 2472 Τ.
1187 2402 1224 2486 I,
1255 2428 1289 2493 p.
1319 2423 1407 2467 xrna
1448 2397 1528 2490 „qui
1558 2397 1686 2491 scripsit

326 2524 469 2608 codicem
509 2498 606 2592 homo
643 2526 706 2592 init
735 2528 823 2592 omni
854 2527 951 2617 plane
986 2527 1166 2594 eruditione
1192 2525 1387 2608 destitutus,
1427 2524 1555 2590 ridetur
1579 2534 1685 2592 autem

324 2652 476 2720 hahuisse
502 2653 550 2732 ed
567 2677 696 2719 manum
722 2652 871 2720 codicem‘
891 2650 987 2744 quem
1011 2653 1210 2730 describeret
1234 2654 1339 2719 honae
1364 2660 1481 2734 notae,
1506 2649 1566 2717 aed
1586 2650 1684 2744 paulo

329 2776 537 2844 difficiliorem
563 2779 604 2845 ad
628 2780 824 2866 legendum
851 2757 1034 2872 nhicnhque
1061 2781 1147 2848 enim
1172 2777 1295 2870 aliquid
1318 2786 1405 2843 esset
1422 2777 1617 2845 difficultatis
1632 2777 1685 2869 vel
1830 2871 1832 2880 Ι

325 2903 361 2970 in
385 2903 568 2970 nominihus
595 2905 735 3000 propriis
760 2905 814 2972 vel
837 2908 1003 2974 vocabulis
1028 2906 1204 2975 rarioribus
1229 2905 1283 2972 vel
1300 2903 1444 2990 graecis,
1466 2904 1601 2972 ridicule
1616 2905 1684 2970 fere

325 3031 452 3127 lapsum
478 3030 675 3120 deprehendi
699 3029 885 3096 librariumz
910 3031 969 3097 aed
995 3031 1182 3123 saepissime
1208 3054 1281 3096 enm
1306 3029 1436 3119 optimis
1460 3012 1684 3104 treiteoram·

325 3178 389 3246 que
415 3154 598 3250 auctoritati
623 3155 782 3222 calculum
806 3155 948 3242 adjicit«
1004 3157 1043 3224 ln
1068 3158 1132 3223 fine
1150 3156 1405 3224 Tusculanarum
1425 3158 1505 3220 haec
1525 3154 1685 3246 adscripta

328 3292 428 3348 ennta
468 3305 548 3371 opas
577 3282 624 3349 M.
651 3281 817 3369 Ciceronis
847 3284 1107 3351 Truculcaacrum
1140 3287 1345 3382 questionum
1375 3277 1528 3370 flela‘citer¹
1551 3281 1684 3370 explicit

324 3409 488 3500 Scriptum
519 3433 579 3499 pro
607 3409 798 3478 Venerabili
827 3420 859 3478 et
891 3415 1020 3502 eprepio
1044 3415 1116 3479 viro
1142 3411 1271 3478 domino
1294 3409 1443 3474 Martiae
1469 3393 1684 3476 &moriundi

324 3533 502 3604 Scoloatico
526 3532 746 3602 Crucoicieaai
778 3537 814 3600 ia
849 3536 941 3601 domo
973 3503 1208 3612 saaltononte
1232 3535 1334 3602 Aaron
1365 3521 1468 3599 studi
1490 3535 1545 3598 sui
1569 3535 1683 3630 quinto

181 3643 184 3652 ¹
323 3685 383 3751 per
408 3661 602 3752 Greporium
627 3660 754 3726 tatattae
780 3659 851 3725 Deo
876 3663 1011 3750 pretias.
1060 3659 1112 3725 De
1139 3657 1276 3726 Guarini
1300 3655 1449 3725 versione
1475 3656 1579 3723 lihelli
1602 3657 1681 3726 Plu·

173 3823 174 3830 *
323 3787 446 3854 tarchei
456 3834 469 3869 ,
505 3809 587 3876 quac
617 3785 712 3851 etiam
746 3785 829 3874 typis
861 3810 1014 3876 expressa
1040 3809 1113 3852 cum
1139 3785 1209 3852 aliis
1235 3781 1440 3851 Plutarcheis
1465 3781 1586 3873 prodiit
1609 3783 1680 3851 lto·

144 3919 172 3962 ·‘
222 3941 228 3954 ·
284 3983 290 3992 ‚
323 3913 464 4002 guntiae
479 3912 565 4003 apud
588 3910 644 3977 Jo.
671 3905 840 3979 Schoeffer
867 3912 977 3980 152⁷.
1005 3912 1074 3996 ta,
1099 3913 1139 3979 cl'.
1167 3899 1402 4002 Wpttenbach.
1428 3908 1463 3973 in
1482 3911 1582 4000 praei.
1604 3909 1679 3976 edit.

177 4101 179 4106 .
318 4007 433 4120 ῥίου.
458 4038 498 4104 Τ.
520 4035 552 4122 l,
578 4060 609 4126 p.
628 4057 768 4100 nxxxrxa
793 4035 934 4126 praefixa
961 4045 1011 4101 est
1037 4033 1175 4125 epistola
1200 4034 1241 4101 ad
1264 4032 1428 4123 Angelum
1454 4015 1680 4105 Cdrhinellnm
1788 4042 1795 4056 '

323 4165 502 4257 incipienez
526 4247 528 4252 ,
549 4163 693 4256 majores
731 4174 860 4231 aratror
887 4161 1015 4255 Arpele
1046 4165 1094 4230 mi
1124 4164 1317 4230 marasim
1349 4187 1418 4232 aaa
1456 4162 1615 4230 admirari
1647 4175 1680 4230 et
