3964 4998
774 403 1173 541 .'''25''

386 614 432 688 B.
451 622 508 696 tt.
543 615 677 696 Codex
703 596 932 730 chartpeerrs
959 643 1058 698 saec.
1085 625 1159 699 XV
1184 616 1378 698 foliorum
1406 602 1601 702 cccxvl
1626 628 1773 726 partim

205 775 209 784 ’
287 791 362 870 per
387 769 696 871 quinterniones
722 770 868 872 partim
893 794 965 872 per
990 771 1262 876 sexterniones
1289 771 1538 872 signetomrm
1565 801 1697 877 usque
1723 778 1773 857 ed

286 917 438 1010 XXIX,
465 942 643 1018 quorum
669 931 804 996 tamen
831 919 989 1020 primus
1017 886 1144 1010 deest,
1177 917 1330 997 formae
1350 922 1552 1001 'maximae
1577 924 1622 1000 A.
1643 926 1698 1008 Μ.
1725 969 1772 983 -
1850 997 1855 1009 ,

237 1067 238 1072 ‘
288 1072 400 1165 Quae
426 1071 654 1162 contineat,
680 1069 724 1145 in
750 1049 1136 1170 schedulspraefixa
1163 1071 1211 1148 sb
1238 1070 1314 1148 alia
1333 1095 1463 1154 manu
1481 1073 1537 1148 sic
1555 1074 1770 1174 perscripta

286 1220 497 1324 leguntur:
523 1221 633 1295 Liber
655 1221 865 1294 medicinalis
889 1220 1059 1323 petieratis
1082 1245 1106 1291 a
1129 1221 1289 1292 dodanus
1321 1277 1330 1299 .
1356 1273 1365 1292 .
1389 1274 1397 1291 .
1425 1274 1462 1293 ..
1488 1245 1591 1321 quum
1615 1223 1773 1295 collectus
1910 1292 1913 1296 ,

284 1395 387 1471 quum
413 1375 580 1471 scriptus:
609 1374 647 1445 in
675 1394 743 1470 quo
767 1371 902 1472 quidem
926 1369 1145 1444 continentur
1166 1367 1359 1468 Synonima
1384 1367 1545 1467 Spmonis
1565 1353 1771 1464 dunnensis3

283 1518 361 1596 Aut
392 1525 498 1596 saties
525 1525 685 1596 mundini
712 1524 755 1597 de
781 1523 873 1622 soro.
924 1485 1020 1600 Item
1046 1524 1219 1623 eprepium
1254 1519 1429 1593 consitium
1458 1521 1506 1591 ad
1532 1523 1703 1621 quandam
1733 1533 1772 1593 ut

284 1675 501 1774 conciperet,
532 1675 623 1749 Item
650 1679 878 1780 expositiones
902 1679 939 1748 in
961 1676 1077 1750 teclmi
1094 1674 1177 1777 (sic)
1204 1674 1334 1748 Galeni
1353 1686 1387 1748 ct
1407 1674 1619 1772 aphorismos
1634 1673 1769 1772 Hippo·

283 1785 411 1918 cratis,
453 1797 543 1900 Item
572 1825 770 1928 srapmentu
801 1853 844 1900 ex
875 1825 1094 1925 Serapione,
1139 1825 1230 1898 Item
1256 1826 1300 1898 de
1329 1818 1498 1926 aliquibus
1528 1825 1708 1896 radicibus-
1728 1850 1771 1897 ex

282 1979 479 2056 Aristotele.
504 1990 538 2052 et
568 1980 774 2056 Dioscoride
788 1962 890 2053 'Item
915 1979 1112 2080 fragmenta
1140 1980 1184 2052 de
1212 1980 1343 2072 urinis3
1391 1979 1491 2057 ordo
1521 1992 1658 2056 tamen
1685 2002 1771 2055 non

170 2229 172 2236 Ι
282 2155 441 2232 semper
472 2131 582 2207 idem
619 2145 818 2224 servatur,
860 2131 1132 2236 formulisqne
1170 2133 1338 2213 medicis
1370 2132 1543 2234 ¹aliisque
1577 2133 1768 2233 excerptis
1850 2175 1854 2180 ·

219 2314 224 2326 ·
280 2282 526 2384 interpositis
556 2282 705 2382 passim
735 2283 930 2360 turbetur.

478 2407 679 2504 Principium
704 2413 829 2500 integro
857 2415 1060 2483 sexternionc
1086 2415 1246 2506 privatum
1276 2437 1349 2480 esse
1386 2412 1475 2500 dixi3
1512 2413 1647 2506 incipite
1685 2417 1772 2504 item
1814 2475 1819 2484 ,

408 2543 620 2629 suppositoris
664 2563 727 2635 que
766 2552 903 2629 possunt
945 2542 1061 2643 dururi
1099 2564 1159 2630 per
1200 2563 1325 2606 annum
1367 2550 1450 2626 cte.;
1500 2541 1630 2608 omnino
1664 2555 1770 2610 cutem

287 2658 292 2666 ’
356 2649 360 2658 ’
406 2652 521 2756 usque
547 2667 600 2732 'cd
642 2666 698 2732 lol.
727 2668 776 2733 96
820 2667 928 2736 omnia
967 2669 1046 2734 setis
1087 2669 1253 2736 contusam
1276 2665 1436 2757 'speciem
1478 2669 1654 2760 praebent,
1705 2671 1768 2736 for-

408 2792 567 2858 mularum
602 2770 796 2860 medicorum
828 2795 977 2882 congerie
1013 2794 1187 2880 majoribus
1219 2793 1385 2858 nonnullis
1415 2792 1535 2858 libellis
1566 2793 1769 2878 intermixta,

408 2941 545 3010 qrrorum
569 2920 691 3010 primus
716 2922 774 2990 fol.
789 2923 839 2990 54
865 2921 911 2988 sie
937 2913 1071 3013 incipite
1096 2923 1149 2988 De
1173 2921 1341 2988 Medicina
1366 2920 1534 2986 Medicina
1559 2933 1608 2987 est
1632 2923 1770 2988 scientia

409 3047 615 3110 curationum
641 3047 689 3118 ad,
711 3058 999 3137 temperamentum
1025 3072 1200 3142 corporum
1217 3048 1272 3112 uel
1294 3046 1339 3111 ud
1361 3047 1499 3112 salntem
1519 3049 1555 3111 in
1575 3058 1673 3112 ventu
1695 3056 1769 3130 etc,

408 3168 473 3234 duo
497 3181 671 3260 sequentes
697 3186 803 3242 cutem
830 3186 906 3242 sunt
930 3199 1014 3264 quos
1040 3175 1189 3267 superius
1215 3197 1344 3264 qnoque
1370 3173 1404 3238 in
1433 3172 1543 3240 codice
1570 3171 1670 3241 1310
1693 3195 1769 3240 con·

268 3303 272 3311 '
395 3293 534 3384 junctos
563 3297 853 3388 deprehendimus,
893 3301 974 3367 alter
1010 3327 1028 3368 s
1058 3301 1113 3368 fol.
1141 3304 1189 3368 56
1231 3301 1272 3381 de
1306 3299 1485 3401 digestione
1516 3299 1658 3365 humoris
1689 3325 1769 3391 ‚pec-

359 3505 362 3514 .
405 3420 526 3506 euntis,
555 3425 647 3511 cujus
670 3411 726 3492 'hie
756 3409 949 3518 principium
975 3440 1048 3496 ests
1084 3432 1197 3518 incipit
1225 3428 1359 3518 epistola
1388 3441 1420 3493 et
1448 3429 1593 3518 repimen
1604 3473 1617 3508 ,
1643 3427 1725 3492 ulter
1751 3451 1769 3492 a

343 3625 347 3630 ⁵
407 3549 462 3614 tol.
489 3551 539 3615 67
576 3551 616 3617 de
644 3552 796 3620 remediis
823 3557 1024 3641 sterilitatis3
1057 3566 1191 3646 quartus
1223 3553 1363 3643 denique
1390 3579 1409 3619 a
1437 3553 1492 3618 fol.
1521 3556 1569 3619 77
1596 3576 1699 3643 nsque
1728 3553 1769 3620 ed
1801 3569 1810 3579 '

373 3675 454 3740 -82
477 3679 515 3759 n‘,
550 3675 605 3744 ubi
634 3681 771 3770 primum
789 3684 907 3768 latine,
934 3681 1050 3748 deinde
1081 3681 1260 3769 germanice
1286 3679 1592 3746 medicamentorum
1623 3657 1708 3744 vires
1735 3688 1768 3743 ct

266 3827 269 3832 ·
349 3899 351 3904 V
407 3801 537 3867 nomini
567 3817 775 3913 enarrenturc
809 3809 988 3875 Benedicta
1015 3809 1134 3874 dicitur
1161 3810 1239 3904 quia
1265 3809 1305 3872 ab
1332 3793 1478 3872 imnibus
1502 3829 1524 3870 u
1545 3806 1661 3901 quibus
1686 3807 1780 3874 ucci·.

400 3927 492 4016 pitnr
517 3929 710 3998 benedicunt
732 3945 865 4023 propter
889 3955 986 3998 suum
1011 3928 1159 4020 effectum
1175 3942 1236 3998 etc.
1257 3941 1293 3996 'et
1310 3931 1344 3996 in
1360 3931 1531 3998 extremis:
1558 3933 1630 3996 Der
1646 3942 1768 4021 praerat

402 4053 472 4119 und
496 4055 555 4122 der
578 4058 659 4124 nau
684 4059 817 4149 oclrund
836 4061 888 4126 die
913 4061 981 4125 sint
1005 4061 1105 4128 alteia
1130 4061 1229 4148 bepde
1254 4070 1360 4150 sumpt
1370 4057 1384 4140 3
1407 4059 1465 4124 der
1489 4055 1592 4145 krefte
1613 4061 1657 4122 ist
1677 4057 1768 4122 niclct

404 4201 442 4247 ne
466 4181 534 4266 vil,
568 4207 620 4250 wo
645 4187 695 4253 uls
728 4189 781 4254 icis
813 4189 876 4255 uon
901 4211 1003 4279 sapen
1025 4189 1085 4254 wil
1098 4235 1110 4270 ,
1146 4189 1205 4255 der
1228 4207 1296 4255 uor‘
1313 4187 1384 4252 dem
1408 4185 1551 4276 periente
1575 4195 1633 4276 pat
1646 4231 1660 4265 ,
1680 4183 1767 4248 'dem
1824 4277 1828 4282 Ι
