3964 4998
812 423 1096 560 7⁹2⁶*

336 653 387 720 les
414 649 505 734 illis,
545 669 628 738 quos
659 643 812 738 superius.
837 669 878 712 ex
908 646 979 714 eod.
1005 646 1037 712 B
1066 646 1091 712 9
1123 654 1203 712 extr.
1235 644 1503 730 commemoravi,
1533 645 1592 712 secl
1616 668 1693 737 qua·

337 777 517 849 tuordeeim
542 784 670 854 ⁴tantuna
698 796 852 858 numero,
894 795 1031 866 quorsum
1057 773 1179 864 primos
1209 783 1276 840 tres
1302 773 1447 866 subjecit

418 927 512 998 Autt
536 925 667 993 letando
692 925 780 1022 quoti
805 926 909 991 &enm
934 925 1147 1016 versificando
1246 949 1248 958 ’

420 1057 534 1146 oolliqe
559 1055 695 1120 triticeis
719 1054 877 1119 medicine
900 1056 1046 1143 pondera
1070 1056 1185 1146 granis

418 1205 530 1275 nrum
550 1192 668 1279 quater
689 1183 835 1278 quinque
859 1181 1006 1271 scrupuli
1026 1206 1087 1272 pro
1109 1180 1252 1270 pondere
1277 1199 1368 1244 sume
1392 1187 1471 1262 οἵας
1535 1231 1538 1244 .

333 1331 449 1403 deinde
475 1333 604 1400 10111
637 1332 941 1409 medicamentorum
969 1333 1167 1401 enumeratio
1199 1330 1332 1422 incipite
1371 1327 1524 1419 Aurestis
1550 1327 1608 1424 qui
1630 1324 1696 1390 olio

336 1463 465 1530 nomine
490 1461 636 1525 dieititur
661 1454 836 1525 lnnbruscn
862 1461 934 1539 elo,
964 1481 1098 1548 eamque
1126 1457 1161 1554 in
1188 1455 1243 1522 tot.
1262 1457 1310 1522 65
1329 1455 1350 1520 t
1369 1441 1488 1545 excipit
1504 1450 1695 1541 glossarium

335 1586 437 1653 latino
455 1561 723 1671 ·germauioum=
764 1588 950 1660 Artcmeain
976 1587 1040 1678 ltnq
1072 1585 1151 1675 (gel)
1176 1585 1283 1651 Aloen
1308 1583 1450 1648 edellrolz
1473 1581 1604 1648 Aurum
1627 1577 1696 1671 qolt

336 1721 397 1778 etc.
425 1732 530 1800 usque
558 1710 599 1776 ad
623 1709 680 1777 tol.
705 1711 805 1778 ⁷81».
855 1711 895 1778 Iu
920 1711 985 1777 fine
1012 1711 1114 1780 totius
1141 1709 1282 1778 codicisa
1318 1709 1379 1798 fiat
1403 1709 1612 1797 emplastrum
1635 1730 1695 1797 pro

336 1837 494 1902 ombilico.
896 1844 900 1850 '

307 2006 356 2084 B.
384 2013 442 2079 te.
493 2003 627 2082 Codex
648 2002 879 2083 chartaceus
905 2029 1004 2085 saec.
1028 2010 1102 2086 XV
1127 2005 1323 2088 foliorum
1343 2011 1412 2086 XL
1442 2007 1692 2106 signatorum
1823 2053 1827 2062 ‚

209 2173 248 2242 et
267 2161 397 2240 LXIV
417 2181 504 2236 non
524 2157 775 2257 signatorum
793 2154 946 2240 formae
962 2127 1176 2261 quadratae
1203 2160 1248 2236 Α.
1268 2163 1324 2236 Μ.
1350 2181 1397 2234 ex
1414 2155 1693 2256 compluribus
1760 2208 1767 2216 -

208 2315 384 2400 diversae
411 2310 545 2390 aetatis
573 2309 685 2389 libris
715 2312 1035 2422 conglutinatus,
1068 2338 1248 2415 quorum
1276 2312 1388 2412 prior
1415 2308 1595 2410 continet
1623 2307 1692 2387 Ni·
1777 2395 1780 2402 ¹

208 2465 309 2548 colai
327 2461 627 2566 Antidotarium
656 2485 753 2537 cum
781 2439 994 2538 nonnullis
1025 2459 1213 2538 formulis
1240 2460 1407 2536 medicis
1438 2459 1481 2534 in
1511 2458 1594 2534 fine
1625 2457 1693 2536 ad·

206 2614 336 2718 jectis,
369 2610 468 2690 alter
499 2607 695 2688 Be1·tr11cii
725 2611 996 2726 Bononiensis
1033 2612 1251 2689 Praeticam
1283 2600 1461 2712 aliasque
1496 2605 1691 2688 formulas

208 2745 393 2846 extremis
422 2757 528 2838 foliis
560 2762 676 2839 XXII
703 2781 725 2837 a
755 2759 973 2836 recentiori
996 2783 1126 2838 manu
1155 2759 1378 2862 inscriptas.
1508 2769 1509 2774 ’

420 2913 488 2984 Ino.
514 2918 609 2983 Assit
632 2920 669 2982 in
692 2917 852 3012 principio
873 2929 989 2984 sanctu
1005 2920 1110 2983 maria
1126 2941 1205 2984 meo.
1241 2917 1392 2990 Deinde:
1411 2889 1531 2987 ‘Aurea
1546 2919 1694 2988 Alexan·
1713 2949 1714 2954 ¹

333 3045 432 3112 drino
456 3053 529 3129 eto,
556 3055 594 3111 ut
622 3043 770 3135 superius
797 3048 837 3115 B·
853 3045 877 3110 6
895 3054 928 3109 ct
948 3046 1003 3111 ts.
1049 3043 1090 3111 In
1112 3045 1176 3112 line
1205 3043 1261 3111 fol.
1278 3045 1328 3112 17
1359 3045 1574 3112 arcceutiori
1597 3070 1694 3114 mauu
1744 3109 1745 3116 ,

336 3170 490 3273 scriptum
521 3181 572 3238 est
585 3195 606 3236 :¹
630 3170 789 3270 Sequitur
819 3174 964 3261 practico
999 3197 1073 3239 cum
1098 3221 1106 3238 .
1131 3220 1141 3239 .
1166 3219 1176 3240 .
1200 3217 1209 3238 .
1236 3220 1244 3238 .
1271 3221 1280 3240 .
1314 3177 1370 3239 oia
1394 3175 1563 3242 Bertruoii
1585 3176 1692 3242 Bono·

335 3272 495 3382 ninum
521 3324 617 3390 quent
650 3299 767 3366 librum
799 3298 960 3366 utiliorem
992 3325 1087 3390 quam
1120 3299 1350 3388 elegantiorem
1382 3325 1496 3388 magua
1530 3316 1572 3367 ex
1601 3290 1693 3392 parte

252 3415 256 3426 ⁸
336 3427 429 3520 sequi
453 3427 597 3494 medicos
623 3426 794 3519 empiricos
819 3411 928 3516 narrat
940 3427 1109 3495 Fabricius
1134 3427 1169 3494 iu
1186 3427 1271 3494 Bibl.
1293 3426 1351 3496 Gr.
1377 3427 1414 3493 T.
1429 3427 1527 3511 xt11,
1551 3453 1583 3518 p.
1603 3427 1694 3514 1023

331 3554 425 3646 plura
456 3555 496 3622 de
528 3578 568 3621 eo
602 3549 691 3622 (labit
722 3553 936 3646 Spreugelius
968 3558 1008 3622 T.
1030 3555 1081 3638 11,
1115 3581 1147 3646 p.
1168 3557 1257 3626 489.
1304 3521 1436 3626 Initium
1467 3553 1541 3621 titri
1578 3555 1693 3626 deesse

329 3678 458 3745 ridetur
481 3680 665 3770 pariterque
691 3692 835 3748 exuema
860 3681 975 3772 pagina
1001 3705 1134 3773 prorsus
1159 3681 1311 3750 evannita
1337 3705 1421 3773 quae
1445 3692 1588 3766 restant,
1613 3681 1691 3750 inci·
1731 3701 1733 3706 ’

331 3801 446 3893 piuntz
471 3808 572 3892 sudor
596 3810 729 3876 criticen
754 3811 940 3876 exuberans
964 3799 1021 3876 nel
1038 3809 1156 3902 fluxus
1182 3820 1243 3876 etc.
1270 3819 1303 3875 et
1329 3807 1481 3874 desinunt
1506 3809 1540 3875 iu
1566 3811 1691 3879 verbis:
1813 3885 1816 3889 .

283 3957 287 3964 ’
314 3929 485 4030 ,ορρίἱαίίυ
519 3933 730 4024 diqestionem
762 3936 909 4024 prohibet
945 3936 1023 4001 elom
1058 3937 1196 4004 colorem
1229 3934 1416 4025 mortifficat
1450 3938 1635 4004 naturalem
1659 3949 1693 4006 ct

336 4055 513 4144 ‘incessant
546 4062 717 4128 lrumorum
751 4087 811 4152 per
845 4037 907 4130 sun
942 4064 1012 4131 locu
1046 4065 1194 4132 retardat
1220 4065 1429 4156 eliquationem
1454 4076 1530 4148 etc„
1573 4064 1691 4156 quibus

333 4157 490 4257 absolutis
514 4188 550 4256 iu
572 4189 628 4257 iol.
647 4193 696 4260 85
723 4189 889 4282 sequitur-a
915 4193 993 4260 Rec.
1008 4193 1184 4262 'testintlns
1202 4195 1340 4288 juvenci
1362 4194 1421 4291 qui
1438 4196 1482 4261 sit
1499 4189 1690 4282 interfectum
