3964 4998
928 309 1317 444 ...214⁵

448 579 560 647 ebonis
585 599 666 668 opus
690 577 750 644 bcc
776 587 825 644 est
849 588 888 644 ut
911 600 956 644 ex
980 581 1190 676 sequentibus
1210 581 1321 671 prodit
1333 605 1379 652 sc.
1403 585 1503 653 titulo
1519 587 1561 655 ob
1577 589 1638 658 boe
1651 594 1804 662 secundo.

444 703 485 770 ln
509 704 573 770 fine
598 702 654 768 rot.
675 702 726 770 59
750 725 790 768 oe
817 725 914 800 aquo·
931 699 1006 770 uite
1023 705 1116 772 debet
1139 728 1210 772 esse
1235 707 1325 775 claro
1349 712 1434 778 sicut
1458 735 1546 809 aqua
1572 698 1804 806 limpidissima.
1885 693 1890 704 Ι

445 829 573 899 Deinde
599 828 881 919 sequuntur-‘totis
905 854 1023 900 novem
1049 842 1083 900 et
1107 831 1273 902 dimidium
1299 859 1420 923 vacua3
1455 852 1532 930 post
1556 842 1639 932 quoe
1663 844 1719 920 tot.
1735 847 1803 915 tas

444 958 588 1053 Antiqui
618 957 799 1046 philosophi
832 960 870 1024 in
885 961 924 1024 t
956 937 1075 1050 liparia
1104 963 1315 1058 sequentibus
1349 964 1594 1037 occultuucrunt
1621 973 1644 1036 t
1670 974 1812 1046 nomina

442 1085 583 1177 plorioso
615 1085 669 1151 dei
701 1086 824 1152 doudni
852 1089 957 1164 nostri
981 1097 1114 1178 accepta
1137 1090 1316 1157 secundm
1338 1095 1570 1182 proprietatem
1593 1094 1802 1184 planetarum

441 1221 513 1288 etc..
551 1211 880 1282 Intuerentur:
905 1213 985 1280 boec
1010 1225 1043 1280 et
1067 1215 1170 1282 multa
1195 1217 1261 1281 alio
1283 1215 1364 1304 fient
1377 1219 1573 1310 perfipuros
1586 1223 1802 1310 planetarum.

400 1389 402 1393 ,
441 1336 513 1404 rol.
539 1339 607 1406 552
652 1338 710 1407 Ae
741 1340 894 1410 bonorem
927 1351 1041 1408 sancte
1072 1352 1105 1407 et
1130 1341 1300 1410 indiuiduo
1325 1347 1485 1412 trinitatis
1509 1356 1543 1412 et
1568 1348 1709 1438 cirpiuis
1732 1352 1800 1441 plo·
1829 1382 1846 1445 '.

442 1459 528 1532 'riou
559 1475 593 1532 ct
622 1465 668 1532 od
697 1467 873 1546 utilitatem
897 1467 1072 1556 reipublice
1096 1471 1352 1552 emiseruotiouis
1377 1492 1533 1536 sonorum
1557 1482 1590 1537 et
1612 1474 1801 1568 pro'refor·¹

439 1559 582 1658 motione
619 1591 784 1681 lapsorum
819 1594 874 1660 uel
907 1591 1108 1681 infirmorum
1138 1594 1212 1660 uolo
1242 1594 1354 1692 aliquo
1388 1596 1429 1662 de
1450 1599 1637 1687 pestilentia
1660 1603 1801 1668 seribere

221 1745 237 1764 ·
307 1727 321 1748 ⁸
443 1729 505 1790 etc.
556 1717 597 1788 ln
621 1719 686 1786 fine
711 1718 768 1784 sol.
796 1717 844 1785 59
871 1743 908 1784 nr
954 1719 1063 1788 Amen
1095 1720 1147 1786 die
1171 1723 1280 1788 sancti
1303 1722 1464 1789 benedicti
1486 1725 1601 1817 collepi
1626 1738 1801 1796 tractatum

438 1847 531 1938 illum
564 1847 605 1912 de
639 1842 826 1935 pestilentia
850 1845 951 1914 Auno
983 1847 1107 1913 domni
1138 1847 1264 1932 14793
1305 1845 1590 1940 reliqnis'paginis
1615 1871 1674 1919 sex
1689 1855 1801 1922 conti·
1888 1825 1893 1834 .

441 1982 561 2079 nentur
584 1953 715 2040 nomino
738 1982 772 2038 et
796 1981 893 2040 notae
915 1965 1126 2066 'numerorum
1142 1973 1263 2040 latinae
1288 1983 1322 2041 et
1346 1973 1500 2043 arabicae.

409 2175 547 2290 1ῌᾷΙ
564 2180 698 2258 Codex
724 2177 954 2260 chartaceus
979 2203 1079 2260 saec.
1107 2181 1180 2257 XV
1205 2201 1228 2258 a
1254 2177 1418 2257 diversis
1444 2177 1635 2257 manibus
1653 2178 1810 2280 partim·

170 2344 171 2353 ‘
314 2351 387 2432 per
416 2329 627 2410 columnas
658 2332 831 2433 scriptus
863 2331 1058 2420 soliorum
1086 2335 1237 2412 CXVII
1268 2345 1308 2408 et
1332 2327 1632 2436 nonmrllorum
1657 2330 1801 2410 va‘cuo·

314 2461 410 2559 rum
444 2479 598 2560 formae
629 2483 839 2562 maximae.
865 2527 914 2542 ·-
951 2457 1142 2561 Continet
1173 2452 1335 2608 praeter
1354 2477 1550 2559 formulas
1576 2453 1799 2574 nonnullas

314 2631 544 2714 alchimicas
562 2646 602 2711 et
618 2635 792 2714 medicas
812 2649 852 2713 et
869 2629 1174 2714 vocabularium
1190 2633 1410 2713 herbarum
1431 2613 1634 2733 imprimis
1660 2637 1699 2729 a)
1719 2637 1799 2714 Rc·
1837 2713 1838 2720 χ

313 2785 397 2890 geri
416 2783 696 2890 Chirurgiam,
721 2785 759 2882 b)
785 2788 927 2862 Mesue
952 2783 1106 2860 librum
1133 2783 1182 2860 de
1209 2781 1483 2859 consolatione
1503 2780 1798 2872 medicinarum
1853 2792 1856 2798 ’

313 2932 562 3054 simplicium
589 2945 628 3010 et
649 2937 685 3052 e)
703 2935 883 3038 ejusdem
901 2935 1202 3036 Antidotarium
1228 2960 1260 3012 s.
1288 2933 1491 3014 Gr'abadin
1510 2959 1606 3014 cum
1624 2938 1800 3018 Praetica

312 3083 613 3181 medicinarum
635 3083 953 3186 particularium¹
973 3097 1046 3163 etc.
1166 3075 1168 3082 ’

493 3235 648 3333 'Incipitr
672 3243 825 3311 Hieuacb
849 3254 917 3310 stat
941 3267 985 3312 au
1007 3239 1216 3310 ueruurclcen
1239 3241 1324 3309 uocb
1345 3241 1528 3309 eiuaudrcu
1548 3243 1613 3308 wie
1630 3265 1708 3307 mon
1720 3240 1800 3310 Sieb
1822 3268 1825 3273 ·

437 3369 549 3437 baltea
579 3368 632 3435 sol
653 3372 689 3435 in
714 3370 818 3437 disser
842 3373 892 3438 ait
911 3371 1016 3438 wider
1041 3372 1092 3438 die
1116 3371 1295 3437 Pestilente
1320 3379 1381 3437 etc.
1414 3366 1486 3433 1²01.
1514 3367 1582 3434 1⁰2
1614 3368 1819 3436 Artemisio'

437 3498 616 3564 bibus'ete.
666 3495 738 3562 rot
767 3499 838 3564 lde
868 3498 1031 3589 Magister
1054 3496 1280 3565 Aicbcdiauus
1303 3499 1392 3562 uiam
1415 3497 1497 3560 artis
1521 3463 1663 3562 arcboue
1687 3519 1800 3564 ueram
1830 3569 1833 3572 ,

308 3647 315 3660 “
439 3623 620 3689 inueniet
653 3621 691 3687 iu
726 3623 873 3689 omnibus
908 3621 1204 3689 examinationibus
1238 3632 1270 3688 et
1302 3621 1547 3711 probationibus
1573 3622 1721 3688 stabilem
1754 3623 1799 3688 ad
1905 3704 1907 3714 Ι

440 3748 672 3837 conficiendum
698 3773 814 3815 aurum
840 3760 873 3816 et
897 3760 1070 3840 arpentum
1094 3758 1155 3815 etc.
1205 3748 1277 3814 1²01.
1302 3750 1368 3815 152
1410 3749 1567 3836 Incipit
1593 3747 1799 3840 Oirurpia

436 3876 492 3943 Ro
497 3877 589 3966 peri
611 3867 826 3941 verbis'Post
849 3874 964 3939 muudi
984 3871 1145 3963 fabricam
1171 3883 1232 3940 etc.
1263 3897 1324 3966 per
1347 3872 1425 3940 folin
1451 3872 1516 3940 XX
1541 3870 1683 3958 signata,
1717 3895 1796 3966 quo·

441 4025 513 4070 rum
537 4000 572 4070 iu
595 4001 698 4092 primo
722 4023 818 4068 verso
845 4001 953 4094 ipsum
979 3999 1054 4067 libri
1076 4001 1269 4093 principium
1292 4001 1439 4092 seqnitur
1462 4001 1525 4066 boc
1545 3997 1673 4066 indice:
1700 3999 1798 4090 Qni-

205 4142 208 4147 '
311 4163 313 4168 ·
368 4193 373 4204 ,
442 4131 515 4197 bus
537 4126 666 4198 modis
690 4101 818 4218 eaput
841 4127 1093 4194 vulneratur
1118 4124 1226 4217 Caput
1248 4126 1415 4194 uolnerari
1439 4127 1576 4194 diuersis
1600 4125 1703 4196 modis
1723 4151 1797 4196 ecre-
