3964 4998
802 343 1049 490 ·..,,..,,

187 603 290 684 dicta
315 613 431 693 sunt,
456 623 532 676 nec
557 595 730 676 dubitari
755 608 909 696 potest,
942 595 1044 697 quin
1070 595 1299 705 multorum
1325 600 1541 713 codicum,
1566 605 1669 714 quos

50 763 56 772 ·
186 741 284 828 haec
309 735 522 826 Academia
555 731 925 810 illustrissimorum
957 753 1129 808 suorum
1154 731 1392 836 Principum
1422 733 1669 828 munificam

186 877 269 958 tiae
297 862 476 974 acceptos
506 867 667 960 retulit,
706 866 846 944 eadem
873 890 959 942 sors
984 862 1107 942 fuerit
1131 889 1175 969 ac
1190 865 1520 969 'Polyglottorum
1548 874 1672 950 Comi

186 1005 440 1112 plutensium
455 1049 486 1095 ,-
503 1021 606 1102 quae
638 1022 660 1075 a
696 996 916 1076 Guilielmo
940 1001 999 1078 IV
1032 998 1297 1078 bibliothecae
1331 977 1492 1082 nostrae
1525 1005 1671 1110 donata

169 1153 285 1241 'cum
309 1137 414 1217 -aliis
448 1134 635 1238 pluribus
668 1134 714 1210 in
747 1131 1021 1210 funestissima
1055 1130 1124 1208 illa
1159 1131 1437 1213 Universitatis
1463 1137 1671 1232 Hassiacae
1714 1109 1737 1130 ν

189 1274 382 1366 divisione
398 1295 432 1350 a.
452 1276 551 1344 lssass
570 1270 728 1348 Gissam
745 1269 937 1372 migrasse
961 1267 1348 1368 intelligentissimus
1366 1268 1515 1348 harum
1530 1293 1671 1346 rerum

189 1425 329 1494 auctor
352 1406 597 1509 Wachlerus
623 1406 788 1482 monuit
809 1405 865 1501 ⁰);
898 1429 1000 1506 qliae
1027 1429 1158 1506 quum
1183 1404 1237 1480 ita
1263 1403 1365 1498 sint,
1391 1405 1574 1506 quamuis
1600 1427 1671 1481 no·
1711 1377 1726 1398 ’

190 1563 250 1628 tas
282 1545 449 1622 illorum
477 1543 511 1620 si
537 1565 639 1643 quae
663 1538 817 1624 luerint
841 1539 983 1622 sedulo
1010 1537 1156 1616 deletas
1182 1560 1268 1615 esse
1291 1537 1445 1616 amicus
1472 1536 1672 1616 Gissensis

189 1678 294 1760 mihi
319 1663 580 1777 interroganti
606 1675 830 1778 rescripsit,
853 1651 941 1750 non
966 1670 1184 1748 minimam
1207 1694 1350 1747 eorum
1367 1683 1544 1771 partem,
1569 1694 1673 1772 quae

51 1881 53 1890 i
143 1850 146 1856 ·
188 1813 477 1914 magnanimus
502 1809 710 1888 literarum
736 1832 809 1910 per
829 1807 1019 1914 Hassiam
1038 1806 1284 1886 instaurator
1299 1805 1551 1908 Philippinae
1577 1783 1677 1900 suae

46 1919 52 1932 ”
191 1951 477 2060 destinaverat,
516 1968 632 2022 nunc
673 1944 823 2038 almam
856 1941 1171 2022 Ludovicianam
1212 1935 1358 2022 ornare
1385 1944 1486 2038 satis
1520 1942 1672 2046 perspi·

191 2111 318 2164 cuum
344 2097 415 2161 est
467 2083 657 2160 Ceterum
683 2104 760 2158 nec
786 2077 1045 2180 Corbejenses
1071 2071 1248 2180 integros
1274 2078 1325 2158 ad
1349 2103 1426 2156 nos
1446 2079 1673 2180 pervenisse

148 2233 151 2240 ’
179 2231 354 2322 apparet
379 2240 430 2294 ex
448 2216 624 2320 catalogo
642 2215 809 2294 illorum
827 2238 861 2296 a.
884 2222 981 2289 1805
1008 2215 1254 2316 conscripto,
1286 2217 1400 2316 cujus
1427 2238 1480 2292 ne
1506 2214 1672 2310 dimidia

68 2413 72 2428 .
187 2353 362 2456 ‚quidem
393 2373 484 2454 pars
510 2349 555 2427 in
580 2351 658 2429 hoc
684 2355 825 2428 nostro
851 2360 1031 2451 apparet,
1070 2345 1305 2448 multosque
1329 2371 1402 2448 per
1424 2347 1671 2447 privatorum

191 2459 341 2564 manus
368 2483 567 2584 dispersos
593 2476 679 2560 esse
704 2481 766 2560 vel
792 2505 838 2558 ex
862 2505 950 2559 uno
975 2480 1063 2558 cod.
1079 2483 1127 2558 J).
1144 2487 1193 2553 25
1213 2481 1397 2582 colligere
1413 2482 1525 2575 licet,
1544 2506 1674 2584 xquem

191 2621 238 2698 in
270 2617 343 2708 illo
376 2615 553 2717 catalogo
587 2615 843 2716 descriptum¹
867 2613 1053 2716 proximo
1086 2613 1253 2692 demum
1280 2637 1389 2692 anno
1414 2615 1521 2692 lusti
1546 2617 1674 2692 nostri

192 2757 241 2833 v.
259 2757 298 2831 s.
315 2755 365 2834 u.
392 2751 606 2841 oneratus
632 2750 751 2828 nous
776 2750 977 2844 resurae
1004 2749 1130 2850 quoa
1155 2751 1189 2826 a
1215 2735 1306 2851 qus
1331 2751 1431 2829 haee
1456 2751 1577 2854 regu,
1602 2753 1675 2854 qui

104 2910 108 2916 ’
194 2890 234 2970 et
267 2889 354 2992 ipse
383 2887 551 2967 fortasse
582 2888 772 2966 emtionis
804 2886 866 2965 rel
900 2885 1130 2966 donationis
1155 2882 1478 2965 titulo‘codicem
1505 2888 1675 2990 acquisiss

192 3022 313 3114 verit,
350 3045 475 3122 quem
504 3019 567 3100 vel
600 3021 770 3097 exterior
801 3019 937 3120 aliqua
966 3035 1063 3099 nota
1088 3021 1150 3099 vel
1164 3031 1510 3123 'argumentorum
1535 3021 1676 3102 simili·

195 3159 297 3238 tudo
323 3180 370 3236 ex
393 3156 462 3235 illa
484 3155 726 3236 bibliotheca
746 3154 927 3234 ablatum
946 3169 1104 3257 arguat,
1128 3157 1313 3259 impense
1328 3170 1514 3258 rogatum
1533 3157 1676 3248 velim,

194 3308 244 3372 ut
275 3307 359 3373 tam
391 3292 548 3370 illustre
581 3291 815 3393 exemplum
850 3302 1013 3368 secutus
1037 3316 1144 3388 eum
1177 3316 1320 3375 rursus
1355 3316 1451 3368 cum
1486 3287 1675 3368 fratribus

58 3451 62 3459 ’
196 3426 280 3505 suis
318 3425 508 3528 conjungi
541 3425 807 3527 publicaeque
839 3425 1002 3504 utilitati
1035 3427 1147 3505 reddi
1179 3428 1363 3528 patiatur.
1414 3429 1475 3503 Ne
1502 3423 1593 3526 quis
1618 3436 1680 3510 ta-
1790 3531 1792 3534 .

10 3571 16 3584 “
80 3603 84 3610 ’
194 3585 329 3658 men,·
354 3561 489 3640 Taciti·
514 3561 725 3639 annalium
752 3584 931 3657 memor,
970 3583 1148 3662 quorum
1175 3584 1241 3636 sex
1265 3561 1450 3662 priorum
1475 3557 1676 3637 librorum

145 3739 146 3746 κ
194 3679 368 3777 unicum
399 3693 512 3797 quod
540 3707 663 3786 exstet
686 3694 887 3796 exemplar
912 3692 1080 3795 Corbeja
1105 3693 1204 3773 olim
1229 3698 1403 3774 Romam
1429 3709 1548 3797 atque
1575 3695 1675 3774 inde

136 3892 141 3900 ι
196 3829 444 3980 Florentiam
470 3829 649 3910 delatum
674 3853 774 3908 esse
770 3830 1006 3925 novimus
1021 3828 1158 3908 nescio
1183 3855 1285 3939 quos
1303 3829 1513 3908 thesauros
1536 3815 1677 3978 reconss

267 4055 300 4130 9)
323 4057 363 4113 lle
379 4054 538 4130 originibus,
560 4043 717 4125 progressu,
740 4052 902 4112 lamentatis
919 4057 946 4104 ct
960 4047 1162 4112 mutationibus,
1187 4045 1513 4120 quassabantur
1528 4063 1608 4102 ιιιοι
1623 4045 1678 4100 tere

214 4175 217 4182 ·
321 4154 448 4206 aarum
465 4154 569 4219 experta
586 4154 643 4211 est,
667 4147 833 4202 umbonis
840 4146 953 4218 spec.,l
977 4144 1066 4200 atara:
1078 4143 1160 4200 tato.
1183 4143 1219 4208 4,
1233 4139 1334 4214 pm
