3964 4998
679 406 681 410 ’
787 461 835 478 -
885 367 1066 498 rna-J
1167 528 1171 532 ,

182 620 386 699 transiisse
410 618 625 698 verisimile
651 631 730 712 est3
757 618 1049 722 elegantiorum
1074 632 1211 698 autem
1236 575 1444 699 literarum
1462 619 1663 723 quidquid

135 853 140 864 .
183 753 372 853 Corbejae
397 751 497 845 fuit,
522 753 682 831 dudum
707 753 752 829 in
778 753 914 833 Italiae
935 751 1196 832 bibliothecas
1214 745 1436 854 migrasse,
1452 752 1664 830 simillima

118 973 121 980 Δ
182 884 358 962 aliorum
388 885 576 962 codicum
608 881 771 963 fortuna
804 885 908 964 circa
939 886 1025 987 ipsa
1051 885 1319 964 conciliorum
1347 885 1664 966 Constantiensis

182 1033 223 1097 et
246 1018 481 1100 Basileeusis
507 1032 688 1120 tempora
712 1017 826 1098 facile
852 1013 1065 1122 persuadet
1088 1019 1156 1120 ¹⁴).
1194 1021 1332 1101 Nihilo
1363 1035 1500 1126 tamen
1524 1021 1664 1099 minus

180 1156 243 1230 vix
277 1178 362 1232 esse
396 1155 567 1244 arbitror
599 1179 675 1231 cur
704 1179 771 1232 me
801 1153 926 1256 hujus
958 1181 1101 1259 operae
1133 1158 1358 1258 poeniteat,
1396 1156 1522 1233 modo
1555 1155 1663 1233 illud

182 1273 359 1367 effecisse
382 1288 539 1380 videar,
567 1301 615 1364 ut
639 1301 679 1366 et
701 1303 925 1390 praesentes
951 1289 1066 1391 quasi
1091 1279 1197 1369 viam
1223 1289 1428 1366 munitam
1454 1288 1506 1365 ad
1529 1286 1664 1400 legen·

184 1425 256 1503 dos
290 1423 447 1502 codices
477 1424 686 1502 inveniant
716 1438 756 1501 et
779 1422 968 1536 absentes
1001 1427 1052 1505 de
1083 1425 1332 1528 argumentis
1364 1437 1404 1500 et
1428 1424 1665 1504 auctoritate

183 1583 328 1638 eorum
368 1559 695 1662 qualemcunque
731 1560 978 1686 opinionemt
1008 1558 1220 1658 concipere
1254 1555 1439 1658 possint3
1481 1554 1686 1660 quamvis

183 1692 294 1769 enim
319 1690 461 1768 mrdtis
479 1691 617 1794 exigui
643 1692 823 1793 adeoque
843 1689 1000 1768 nullius
1016 1691 1133 1792 pretii
1151 1691 1254 1792 quae
1270 1690 1336 1770 hic
1355 1687 1483 1801 offero
1499 1691 1663 1768 videare

183 1841 276 1916 tur,
312 1831 395 1904 Vos
421 1831 581 1918 tamen,
615 1825 702 1901 Viri
727 1823 973 1902 Amicissimi
1000 1836 1041 1900 et
1067 1824 1323 1917 Gravissimi,
1365 1836 1406 1900 et
1430 1824 1666 1925 quicunque

183 1961 234 2042 ad
264 1961 499 2048 interiorem
530 1959 678 2040 harum
709 1983 848 2038 rerum
875 1943 1218 2036 existimationem.
1235 1973 1533 2060 pervenerunt,
1571 1958 1664 2035 satis

182 2097 331 2188 nostis,
366 2097 411 2172 in
436 2095 601 2174 nullum
626 2094 753 2196 magis
779 2119 906 2197 genus
933 2093 1093 2181 cadere,
1118 2093 1229 2193 quod
1254 2079 1416 2171 Persius
1442 2094 1520 2187 ait,
1551 2091 1665 2188 mille

182 2226 402 2304 hominum
433 2203 583 2329 species
609 2250 695 2306 esse
721 2240 761 2305 et
784 2233 923 2304 rerum
950 2227 1191 2318 discolorem
1216 2255 1362 2322 usum,
1398 2230 1547 2332 quibus
1574 2253 1663 2320 om·

181 2361 304 2438 nibus
336 2362 485 2463 pariter
513 2360 864 2439 bibliothecarium
890 2363 1083 2442 inservire
1109 2377 1311 2465 oporteat,
1352 2385 1550 2465 speroque
1566 2359 1663 2442 'fore

180 2506 230 2570 ut
260 2493 476 2596 aliquando
509 2493 631 2571 etiam
661 2494 840 2586 exsistat,
873 2495 944 2596 qui
974 2522 1069 2575 meo
1097 2498 1278 2600 exemplo
1306 2499 1498 2576 incensus
1528 2498 1663 2576 orien-

179 2629 328 2750 talium.
363 2631 601 2734 linguarum
627 2629 802 2720 codices,
828 2643 951 2730 ¹quos
989 2657 1121 2734 quum
1155 2634 1391 2736 Principum
1426 2647 1662 2764 uostrorum
1753 2727 1781 2744 Η

183 2765 292 2844 dono
319 2780 409 2844 tum
430 2765 632 2867 imprimis
660 2789 706 2846 ex
733 2760 861 2866 legato
880 2764 1196 2844 schroederiano
1224 2766 1335 2846 haud
1361 2767 1538 2868 prolecto
1565 2791 1662 2845 con·
1700 2789 1705 2798 ·

181 2902 421 2980 temnendos
448 2901 493 2977 in
523 2901 763 2980 bibliotheca
793 2913 930 2979 nostra
957 2924 1189 2992 servamus,
1225 2902 1348 2980 simili
1377 2903 1501 2982 modo
1525 2928 1662 2982 recen·

159 3050 286 3128 .seat;
312 3061 385 3136 ego
411 3061 485 3114 cur
508 3036 612 3114 intra
635 3035 780 3114 latinos
801 3047 966 3114 tantum
992 3035 1265 3128 constiterim,
1293 3037 1547 3116 excusatione
1574 3063 1661 3117 non
1750 3085 1752 3092 ·

95 3161 97 3174 ’
173 3171 361 3274 ,indigere
389 3173 571 3249 arbitror.
621 3170 780 3263 Valete,
812 3167 898 3245 Viri
924 3146 1193 3244 lllrrstrissimi
1225 3190 1270 3245 ac
1296 3171 1692 3264 Doctissimi,—me·.

183 3326 263 3404 que
294 3303 404 3404 quod
437 3300 564 3381 facitis
588 3282 731 3382 ‘amare
760 3299 922 3402 pergite.
973 3305 1055 3384 Scr.
1081 3303 1288 3406 Marburgi
1323 3304 1362 3384 d.
1395 3327 1433 3383 x.
1463 3307 1661 3407 Septemb.

182 3461 462 3518 uncccxxxvru.
962 3511 967 3530 ,
1141 3483 1145 3522 r
1182 3543 1184 3546 Ι

233 3663 282 3735 ιι)
305 3665 344 3720 cr.
361 3664 480 3720 umus
498 3659 590 3716 cau
606 3658 652 3714 ns
668 3657 804 3713 suarm
821 3657 868 3711 aa
884 3657 1043 3712 tussam„
1058 3657 1195 3711 aream
1209 3660 1241 3712 r.
1259 3659 1298 3723 ιι,
1328 3677 1354 3730 p.
1371 3659 1413 3714 ro
1429 3666 1456 3713 a
1472 3634 1528 3726 ιιι,
1552 3660 1598 3716 oa
1614 3665 1660 3718 sm.

302 3761 392 3830 primu
409 3757 523 3830 reggio
546 3756 614 3809 uso
636 3771 681 3808 u·
697 3759 858 3830 mmo,
886 3755 932 3822 qo
949 3771 981 3808 a
998 3753 1150 3808 commu
1165 3753 1329 3807 tntioueets
1346 3761 1372 3808 a
1388 3755 1496 3808 uam
1512 3762 1539 3810 a
1554 3745 1676 3812 riom:

249 3897 255 3906 .
302 3855 365 3904 tiam
388 3851 490 3904 codices
505 3850 587 3904 llutos
611 3848 768 3908 detulerintr
798 3847 875 3916 plura
898 3848 931 3900 de
954 3864 985 3900 eo
1008 3845 1081 3900 debit
1102 3845 1293 3903 Drakenborch.
1309 3847 1344 3898 nd
1361 3847 1454 3901 Silium
1471 3849 1527 3902 tut.
1551 3849 1614 3922 pse
1635 3861 1662 3908 et

303 3945 419 3999 Orellinr
435 3945 463 3998 in
479 3943 565 3996 lodice
581 3942 652 4001 lectt.
671 3941 757 3999 Turit.
774 3957 799 3991 ι.
815 3937 892 4014 lddd.
1690 3921 1694 3930 ’
