<?xml version="1.0" encoding="UTF-8"?>
<!DOCTYPE html PUBLIC "-//W3C//DTD XHTML 1.0 Transitional//EN"
    "http://www.w3.org/TR/xhtml1/DTD/xhtml1-transitional.dtd">
<html xmlns="http://www.w3.org/1999/xhtml" xml:lang="en" lang="en">
 <head>
  <title>
</title>
<meta http-equiv="Content-Type" content="text/html;charset=utf-8" />
  <meta name='ocr-system' content='tesseract 3.04.00' />
  <meta name='ocr-capabilities' content='ocr_page ocr_carea ocr_par ocr_line ocrx_word'/>
</head>
<body>
  <div class='ocr_page' id='page_1' title='image "./cataloguscodicu00hermgoog_0066.png"; bbox 0 0 3964 4998; ppageno 0'>
   <div class='ocr_carea' id='block_1_1' title="bbox 903 379 1187 490">
    <p class='ocr_par' dir='ltr' id='par_1_1' title="bbox 903 379 1187 490">
     <span class='ocr_line' id='line_1_1' title="bbox 903 379 1187 490; baseline -0.007 -34"><span class='ocrx_word' id='word_1_1' title='bbox 903 379 1187 490; x_wconf 21' lang='grc'>...49-</span> 
     </span>
    </p>
   </div>
   <div class='ocr_carea' id='block_1_2' title="bbox 311 587 1923 1851">
    <p class='ocr_par' dir='ltr' id='par_1_2' title="bbox 311 587 1876 710">
     <span class='ocr_line' id='line_1_2' title="bbox 311 587 1876 710; baseline -0.01 -22"><span class='ocrx_word' id='word_1_2' title='bbox 311 639 316 658; x_wconf 63' lang='grc'><strong>“</strong></span> <span class='ocrx_word' id='word_1_3' title='bbox 430 619 606 687; x_wconf 76' lang='lat' dir='ltr'><em>morionem</em></span> <span class='ocrx_word' id='word_1_4' title='bbox 637 625 669 684; x_wconf 85' lang='lat' dir='ltr'><em>et</em></span> <span class='ocrx_word' id='word_1_5' title='bbox 700 615 873 682; x_wconf 78' lang='lat' dir='ltr'><em>ministerii</em></span> <span class='ocrx_word' id='word_1_6' title='bbox 903 613 1019 682; x_wconf 73' lang='lat' dir='ltr'><em>altaris</em></span> <span class='ocrx_word' id='word_1_7' title='bbox 1044 615 1267 680; x_wconf 72' lang='lat' dir='ltr'><em>executionem</em></span> <span class='ocrx_word' id='word_1_8' title='bbox 1295 605 1354 676; x_wconf 77' lang='lat' dir='ltr'><em>Vt</em></span> <span class='ocrx_word' id='word_1_9' title='bbox 1387 641 1436 658; x_wconf 88' lang='lat'><em>-·</em></span> <span class='ocrx_word' id='word_1_10' title='bbox 1475 587 1580 676; x_wconf 68' lang='lat' dir='ltr'><em>casos</em></span> <span class='ocrx_word' id='word_1_11' title='bbox 1605 609 1642 674; x_wconf 90' lang='lat' dir='ltr'><em>in</em></span> <span class='ocrx_word' id='word_1_12' title='bbox 1666 606 1783 705; x_wconf 79' lang='lat' dir='ltr'><em>quibus</em></span> <span class='ocrx_word' id='word_1_13' title='bbox 1843 653 1876 710; x_wconf 10' lang='grc' dir='ltr'><em>ἵ.</em></span> 
     </span>
    </p>

    <p class='ocr_par' dir='ltr' id='par_1_3' title="bbox 327 723 1783 842">
     <span class='ocr_line' id='line_1_3' title="bbox 327 723 1783 842; baseline -0.008 -32"><span class='ocrx_word' id='word_1_14' title='bbox 327 723 329 728; x_wconf 29' lang='lat'><strong>¹</strong></span> <span class='ocrx_word' id='word_1_15' title='bbox 432 747 507 842; x_wconf 78' lang='lat' dir='ltr'><em>quis</em></span> <span class='ocrx_word' id='word_1_16' title='bbox 529 747 664 808; x_wconf 85' lang='lat' dir='ltr'><em>&#39;tenetur&#39;</em></span> <span class='ocrx_word' id='word_1_17' title='bbox 687 765 731 808; x_wconf 81' lang='lat' dir='ltr'><em>ex</em></span> <span class='ocrx_word' id='word_1_18' title='bbox 755 752 852 808; x_wconf 89' lang='lat' dir='ltr'><em>reatu</em></span> <span class='ocrx_word' id='word_1_19' title='bbox 876 742 1048 832; x_wconf 63' lang='lat' dir='ltr'><em>sanguinis</em></span> <span class='ocrx_word' id='word_1_20' title='bbox 1074 739 1147 805; x_wconf 89' lang='lat' dir='ltr'><em>licet</em></span> <span class='ocrx_word' id='word_1_21' title='bbox 1172 759 1239 804; x_wconf 91' lang='lat' dir='ltr'><em>non</em></span> <span class='ocrx_word' id='word_1_22' title='bbox 1264 734 1493 802; x_wconf 83' lang='lat' dir='ltr'><em>occiderit-</em></span> <span class='ocrx_word' id='word_1_23' title='bbox 1524 733 1669 802; x_wconf 76' lang='lat' dir='ltr'><em>cocos</em></span> <span class='ocrx_word' id='word_1_24' title='bbox 1655 757 1691 799; x_wconf 78' lang='lat' dir='ltr'><em>un</em></span> <span class='ocrx_word' id='word_1_25' title='bbox 1713 735 1783 833; x_wconf 76' lang='lat' dir='ltr'><em>qui·</em></span> 
     </span>
    </p>

    <p class='ocr_par' dir='ltr' id='par_1_4' title="bbox 333 857 1923 1593">
     <span class='ocr_line' id='line_1_4' title="bbox 333 857 1780 970; baseline -0.01 -30"><span class='ocrx_word' id='word_1_26' title='bbox 333 877 338 884; x_wconf 82' lang='grc'><em>’</em></span> <span class='ocrx_word' id='word_1_27' title='bbox 427 871 487 939; x_wconf 80' lang='lat' dir='ltr'><em>bas</em></span> <span class='ocrx_word' id='word_1_28' title='bbox 514 873 590 967; x_wconf 81' lang='lat' dir='ltr'><em>quis</em></span> <span class='ocrx_word' id='word_1_29' title='bbox 611 890 788 970; x_wconf 72' lang='lat' dir='ltr'><em>suspensus</em></span> <span class='ocrx_word' id='word_1_30' title='bbox 813 879 862 936; x_wconf 86' lang='lat' dir='ltr'><em>est</em></span> <span class='ocrx_word' id='word_1_31' title='bbox 887 870 956 958; x_wconf 87' lang='lat' dir='ltr'><em>ipso</em></span> <span class='ocrx_word' id='word_1_32' title='bbox 980 871 1052 934; x_wconf 86' lang='lat' dir='ltr'><em>iure</em></span> <span class='ocrx_word' id='word_1_33' title='bbox 1076 878 1120 934; x_wconf 91' lang='lat' dir='ltr'><em>et</em></span> <span class='ocrx_word' id='word_1_34' title='bbox 1132 868 1163 932; x_wconf 82' lang='lat' dir='ltr'><em>si</em></span> <span class='ocrx_word' id='word_1_35' title='bbox 1187 857 1327 930; x_wconf 61' lang='lat' dir='ltr'><em>cHebrat</em></span> <span class='ocrx_word' id='word_1_36' title='bbox 1350 887 1419 928; x_wconf 92' lang='lat' dir='ltr'><em>non</em></span> <span class='ocrx_word' id='word_1_37' title='bbox 1443 871 1492 928; x_wconf 88' lang='lat' dir='ltr'><em>est</em></span> <span class='ocrx_word' id='word_1_38' title='bbox 1516 861 1708 951; x_wconf 76' lang='lat' dir='ltr'><em>irrequlorir</em></span> <span class='ocrx_word' id='word_1_39' title='bbox 1733 897 1780 916; x_wconf 88' lang='lat'>-</span> 
     </span>
     <span class='ocr_line' id='line_1_5' title="bbox 426 989 1782 1092; baseline -0.009 -28"><span class='ocrx_word' id='word_1_40' title='bbox 426 995 630 1086; x_wconf 76' lang='lat' dir='ltr'><em>Explanatio</em></span> <span class='ocrx_word' id='word_1_41' title='bbox 668 997 856 1063; x_wconf 91' lang='lat' dir='ltr'><em>Innocentii</em></span> <span class='ocrx_word' id='word_1_42' title='bbox 890 1001 1003 1092; x_wconf 78' lang='lat' dir='ltr'><em>quarti</em></span> <span class='ocrx_word' id='word_1_43' title='bbox 1031 994 1071 1060; x_wconf 87' lang='lat' dir='ltr'><em>dc</em></span> <span class='ocrx_word' id='word_1_44' title='bbox 1104 995 1228 1059; x_wconf 90' lang='lat' dir='ltr'><em>iniuria</em></span> <span class='ocrx_word' id='word_1_45' title='bbox 1257 991 1357 1082; x_wconf 70' lang='lat' dir='ltr'><em>praui</em></span> <span class='ocrx_word' id='word_1_46' title='bbox 1386 989 1452 1072; x_wconf 86' lang='lat' dir='ltr'><em>leui</em></span> <span class='ocrx_word' id='word_1_47' title='bbox 1481 1001 1512 1055; x_wconf 91' lang='lat' dir='ltr'><em>et</em></span> <span class='ocrx_word' id='word_1_48' title='bbox 1544 989 1782 1055; x_wconf 87' lang='lat' dir='ltr'><em>leuissima-</em></span> 
     </span>
     <span class='ocr_line' id='line_1_6' title="bbox 427 1101 1923 1238; baseline -0.007 -46"><span class='ocrx_word' id='word_1_49' title='bbox 427 1122 536 1192; x_wconf 74' lang='lat' dir='ltr'><em>Casus</em></span> <span class='ocrx_word' id='word_1_50' title='bbox 563 1127 623 1222; x_wconf 77' lang='lat' dir='ltr'><em>qui</em></span> <span class='ocrx_word' id='word_1_51' title='bbox 635 1126 808 1212; x_wconf 74' lang='lat' dir='ltr'><em>pertinent</em></span> <span class='ocrx_word' id='word_1_52' title='bbox 833 1122 878 1187; x_wconf 90' lang='lat' dir='ltr'><em>od</em></span> <span class='ocrx_word' id='word_1_53' title='bbox 898 1125 1079 1213; x_wconf 90' lang='lat' dir='ltr'><em>episcopum</em></span> <span class='ocrx_word' id='word_1_54' title='bbox 1096 1156 1145 1172; x_wconf 92' lang='lat'><em>-</em></span> <span class='ocrx_word' id='word_1_55' title='bbox 1163 1121 1215 1186; x_wconf 86' lang='lat' dir='ltr'><em>De</em></span> <span class='ocrx_word' id='word_1_56' title='bbox 1241 1120 1481 1208; x_wconf 74' lang='lat' dir='ltr'><em>dispensatione</em></span> <span class='ocrx_word' id='word_1_57' title='bbox 1496 1119 1717 1238; x_wconf 80' lang='lat' dir='ltr'><em>episcoporum</em></span> <span class='ocrx_word' id='word_1_58' title='bbox 1731 1149 1781 1167; x_wconf 90' lang='lat'><em>-·</em></span> <span class='ocrx_word' id='word_1_59' title='bbox 1912 1101 1923 1192; x_wconf 9' lang='grc' dir='ltr'><em>χ’</em></span> 
     </span>
     <span class='ocr_line' id='line_1_7' title="bbox 426 1197 1779 1339; baseline -0.002 -24"><span class='ocrx_word' id='word_1_60' title='bbox 426 1249 481 1316; x_wconf 79' lang='lat' dir='ltr'><em>De</em></span> <span class='ocrx_word' id='word_1_61' title='bbox 505 1235 745 1339; x_wconf 75' lang='lat' dir='ltr'><em>dispensatione</em></span> <span class='ocrx_word' id='word_1_62' title='bbox 770 1250 922 1314; x_wconf 88' lang='lat' dir='ltr'><em>abbatum</em></span> <span class='ocrx_word' id='word_1_63' title='bbox 948 1283 997 1299; x_wconf 90' lang='lat'><em>·-</em></span> <span class='ocrx_word' id='word_1_64' title='bbox 1021 1247 1075 1315; x_wconf 87' lang='lat' dir='ltr'><em>De</em></span> <span class='ocrx_word' id='word_1_65' title='bbox 1098 1197 1279 1338; x_wconf 72' lang='lat' dir='ltr'><em>priuileqiis</em></span> <span class='ocrx_word' id='word_1_66' title='bbox 1304 1246 1524 1336; x_wconf 84' lang='lat' dir='ltr'><em>episcoporum</em></span> <span class='ocrx_word' id='word_1_67' title='bbox 1553 1284 1594 1337; x_wconf 57' lang='lat' dir='ltr'><em>g-</em></span> <span class='ocrx_word' id='word_1_68' title='bbox 1621 1244 1675 1312; x_wconf 86' lang='lat' dir='ltr'><em>De</em></span> <span class='ocrx_word' id='word_1_69' title='bbox 1699 1247 1779 1312; x_wconf 76' lang='lat' dir='ltr'><em>oceo·-</em></span> 
     </span>
     <span class='ocr_line' id='line_1_8' title="bbox 423 1369 1846 1474; baseline -0.004 -31"><span class='ocrx_word' id='word_1_70' title='bbox 423 1379 484 1443; x_wconf 86' lang='lat' dir='ltr'><em>bus</em></span> <span class='ocrx_word' id='word_1_71' title='bbox 509 1379 546 1443; x_wconf 86' lang='lat' dir='ltr'><em>in</em></span> <span class='ocrx_word' id='word_1_72' title='bbox 572 1379 690 1474; x_wconf 84' lang='lat' dir='ltr'><em>quibus</em></span> <span class='ocrx_word' id='word_1_73' title='bbox 714 1377 802 1441; x_wconf 84' lang='lat' dir='ltr'><em>solue</em></span> <span class='ocrx_word' id='word_1_74' title='bbox 826 1399 913 1465; x_wconf 86' lang='lat' dir='ltr'><em>papa</em></span> <span class='ocrx_word' id='word_1_75' title='bbox 938 1375 1104 1466; x_wconf 83' lang='lat' dir='ltr'><em>dispensat</em></span> <span class='ocrx_word' id='word_1_76' title='bbox 1136 1411 1185 1426; x_wconf 91' lang='lat'><em>-·</em></span> <span class='ocrx_word' id='word_1_77' title='bbox 1224 1375 1398 1440; x_wconf 83' lang='lat' dir='ltr'><em>Tractatus</em></span> <span class='ocrx_word' id='word_1_78' title='bbox 1423 1373 1463 1438; x_wconf 91' lang='lat' dir='ltr'><em>de</em></span> <span class='ocrx_word' id='word_1_79' title='bbox 1485 1372 1623 1462; x_wconf 82' lang='lat' dir='ltr'><em>plceudia</em></span> <span class='ocrx_word' id='word_1_80' title='bbox 1648 1369 1806 1462; x_wconf 74' lang='lat' dir='ltr'><em>(feudis).</em></span> <span class='ocrx_word' id='word_1_81' title='bbox 1843 1419 1846 1428; x_wconf 75' lang='lat'><strong>·</strong></span> 
     </span>
     <span class='ocr_line' id='line_1_9' title="bbox 428 1498 1778 1593; baseline -0.006 -20"><span class='ocrx_word' id='word_1_82' title='bbox 428 1503 506 1573; x_wconf 82' lang='lat' dir='ltr'><em>VII</em></span> <span class='ocrx_word' id='word_1_83' title='bbox 521 1538 569 1555; x_wconf 88' lang='lat'><em>-</em></span> <span class='ocrx_word' id='word_1_84' title='bbox 586 1502 735 1593; x_wconf 77' lang='lat' dir='ltr'><em>Epistola</em></span> <span class='ocrx_word' id='word_1_85' title='bbox 756 1502 856 1566; x_wconf 90' lang='lat' dir='ltr'><em>libelli</em></span> <span class='ocrx_word' id='word_1_86' title='bbox 878 1501 918 1566; x_wconf 86' lang='lat' dir='ltr'><em>de</em></span> <span class='ocrx_word' id='word_1_87' title='bbox 939 1501 1007 1566; x_wconf 79' lang='lat' dir='ltr'><em>zelo</em></span> <span class='ocrx_word' id='word_1_88' title='bbox 1020 1501 1204 1568; x_wconf 80' lang='lat' dir='ltr'><em>christiane</em></span> <span class='ocrx_word' id='word_1_89' title='bbox 1222 1499 1389 1589; x_wconf 72' lang='lat' dir='ltr'><em>rclipionis</em></span> <span class='ocrx_word' id='word_1_90' title='bbox 1403 1498 1518 1566; x_wconf 85' lang='lat' dir='ltr'><em>XVII</em></span> <span class='ocrx_word' id='word_1_91' title='bbox 1538 1498 1680 1587; x_wconf 89' lang='lat' dir='ltr'><em>capitula</em></span> <span class='ocrx_word' id='word_1_92' title='bbox 1704 1521 1778 1566; x_wconf 90' lang='lat' dir='ltr'><em>con·</em></span> 
     </span>
    </p>

    <p class='ocr_par' dir='ltr' id='par_1_5' title="bbox 334 1613 1798 1851">
     <span class='ocr_line' id='line_1_10' title="bbox 334 1613 1779 1720; baseline -0.004 -22"><span class='ocrx_word' id='word_1_93' title='bbox 334 1683 337 1690; x_wconf 53' lang='grc'>,</span> <span class='ocrx_word' id='word_1_94' title='bbox 426 1635 535 1698; x_wconf 89' lang='lat' dir='ltr'><em>tinens</em></span> <span class='ocrx_word' id='word_1_95' title='bbox 561 1669 610 1682; x_wconf 90' lang='lat'>—</span> <span class='ocrx_word' id='word_1_96' title='bbox 634 1613 747 1700; x_wconf 90' lang='lat' dir='ltr'><em>VIII</em></span> <span class='ocrx_word' id='word_1_97' title='bbox 767 1629 931 1717; x_wconf 82' lang='lat' dir='ltr'><em>Repeticio</em></span> <span class='ocrx_word' id='word_1_98' title='bbox 949 1630 1083 1717; x_wconf 91' lang='lat' dir='ltr'><em>capituli</em></span> <span class='ocrx_word' id='word_1_99' title='bbox 1100 1625 1270 1696; x_wconf 82' lang='lat' dir='ltr'><em>Canonum</em></span> <span class='ocrx_word' id='word_1_100' title='bbox 1290 1639 1415 1695; x_wconf 88' lang='lat' dir='ltr'><em>statuta</em></span> <span class='ocrx_word' id='word_1_101' title='bbox 1438 1624 1477 1690; x_wconf 92' lang='lat' dir='ltr'><em>de</em></span> <span class='ocrx_word' id='word_1_102' title='bbox 1497 1625 1779 1720; x_wconf 83' lang='lat' dir='ltr'><em>constitutionibus</em></span> 
     </span>
     <span class='ocr_line' id='line_1_11' title="bbox 424 1749 1798 1851; baseline 0 -31"><span class='ocrx_word' id='word_1_103' title='bbox 424 1755 493 1827; x_wconf 86' lang='lat' dir='ltr'><em>IX</em></span> <span class='ocrx_word' id='word_1_104' title='bbox 523 1792 572 1808; x_wconf 89' lang='lat'><em>-</em></span> <span class='ocrx_word' id='word_1_105' title='bbox 611 1758 775 1845; x_wconf 87' lang='lat' dir='ltr'><em>llepeticio</em></span> <span class='ocrx_word' id='word_1_106' title='bbox 799 1757 934 1844; x_wconf 88' lang='lat' dir='ltr'><em>capituli</em></span> <span class='ocrx_word' id='word_1_107' title='bbox 959 1749 1163 1851; x_wconf 74' lang='lat' dir='ltr'><em>definitiones</em></span> <span class='ocrx_word' id='word_1_108' title='bbox 1188 1757 1227 1824; x_wconf 87' lang='lat' dir='ltr'><em>de</em></span> <span class='ocrx_word' id='word_1_109' title='bbox 1252 1753 1490 1832; x_wconf 87' lang='lat' dir='ltr'><em>iureiurando</em></span> <span class='ocrx_word' id='word_1_110' title='bbox 1526 1787 1576 1804; x_wconf 93' lang='lat'><em>·-</em></span> <span class='ocrx_word' id='word_1_111' title='bbox 1616 1753 1798 1846; x_wconf 78' lang='lat' dir='ltr'><em>liepeticio¹</em></span> 
     </span>
    </p>
   </div>
   <div class='ocr_carea' id='block_1_3' title="bbox 414 1866 1778 2250">
    <p class='ocr_par' dir='ltr' id='par_1_6' title="bbox 414 1866 1778 2250">
     <span class='ocr_line' id='line_1_12' title="bbox 423 1866 1778 1970; baseline -0.002 -23"><span class='ocrx_word' id='word_1_112' title='bbox 423 1883 559 1970; x_wconf 89' lang='lat' dir='ltr'><em>capituli</em></span> <span class='ocrx_word' id='word_1_113' title='bbox 582 1879 622 1948; x_wconf 83' lang='lat' dir='ltr'><em>Si</em></span> <span class='ocrx_word' id='word_1_114' title='bbox 644 1882 785 1966; x_wconf 80' lang='lat' dir='ltr'><em>celebrat</em></span> <span class='ocrx_word' id='word_1_115' title='bbox 807 1882 847 1946; x_wconf 91' lang='lat' dir='ltr'><em>de</em></span> <span class='ocrx_word' id='word_1_116' title='bbox 872 1881 987 1946; x_wconf 89' lang='lat' dir='ltr'><em>clerico</em></span> <span class='ocrx_word' id='word_1_117' title='bbox 1011 1866 1288 1948; x_wconf 81' lang='lat' dir='ltr'><em>excommunicato</em></span> <span class='ocrx_word' id='word_1_118' title='bbox 1311 1883 1519 1946; x_wconf 81' lang='lat' dir='ltr'><em>ministrante</em></span> <span class='ocrx_word' id='word_1_119' title='bbox 1542 1915 1596 1932; x_wconf 90' lang='lat'><em>··-</em></span> <span class='ocrx_word' id='word_1_120' title='bbox 1619 1879 1672 1945; x_wconf 86' lang='lat' dir='ltr'><em>De</em></span> <span class='ocrx_word' id='word_1_121' title='bbox 1692 1873 1778 1946; x_wconf 86' lang='lat' dir='ltr'><em>bana</em></span> 
     </span>
     <span class='ocr_line' id='line_1_13' title="bbox 414 2002 1776 2102; baseline -0.001 -27"><span class='ocrx_word' id='word_1_122' title='bbox 414 2007 479 2096; x_wconf 70' lang='lat' dir='ltr'><em>fide</em></span> <span class='ocrx_word' id='word_1_123' title='bbox 495 2021 528 2074; x_wconf 87' lang='lat' dir='ltr'><em>et</em></span> <span class='ocrx_word' id='word_1_124' title='bbox 543 2009 637 2075; x_wconf 90' lang='lat' dir='ltr'><em>titulo</em></span> <span class='ocrx_word' id='word_1_125' title='bbox 652 2043 702 2057; x_wconf 91' lang='lat'><em>-</em></span> <span class='ocrx_word' id='word_1_126' title='bbox 719 2007 771 2070; x_wconf 85' lang='lat' dir='ltr'><em>Dc</em></span> <span class='ocrx_word' id='word_1_127' title='bbox 789 2007 962 2074; x_wconf 87' lang='lat' dir='ltr'><em>elemosina</em></span> <span class='ocrx_word' id='word_1_128' title='bbox 984 2006 1024 2072; x_wconf 89' lang='lat' dir='ltr'><em>de</em></span> <span class='ocrx_word' id='word_1_129' title='bbox 1040 2009 1156 2102; x_wconf 82' lang='lat' dir='ltr'><em>quibus</em></span> <span class='ocrx_word' id='word_1_130' title='bbox 1167 2005 1242 2096; x_wconf 80' lang='lat' dir='ltr'><em>fieri</em></span> <span class='ocrx_word' id='word_1_131' title='bbox 1259 2007 1372 2073; x_wconf 83' lang='lat' dir='ltr'><em>debeat</em></span> <span class='ocrx_word' id='word_1_132' title='bbox 1389 2002 1434 2076; x_wconf 88' lang='lat' dir='ltr'><em>X</em></span> <span class='ocrx_word' id='word_1_133' title='bbox 1447 2041 1495 2056; x_wconf 90' lang='lat'><em>-</em></span> <span class='ocrx_word' id='word_1_134' title='bbox 1514 2005 1566 2070; x_wconf 85' lang='lat' dir='ltr'><em>De</em></span> <span class='ocrx_word' id='word_1_135' title='bbox 1580 2007 1776 2074; x_wconf 71' lang='lat' dir='ltr'><em>aleatoribus</em></span> 
     </span>
     <span class='ocr_line' id='line_1_14' title="bbox 422 2122 1777 2250; baseline 0.001 -51"><span class='ocrx_word' id='word_1_136' title='bbox 422 2144 456 2200; x_wconf 89' lang='lat' dir='ltr'><em>et</em></span> <span class='ocrx_word' id='word_1_137' title='bbox 481 2134 558 2200; x_wconf 92' lang='lat' dir='ltr'><em>ludo</em></span> <span class='ocrx_word' id='word_1_138' title='bbox 588 2169 638 2184; x_wconf 95' lang='lat'><em>-</em></span> <span class='ocrx_word' id='word_1_139' title='bbox 669 2131 722 2197; x_wconf 85' lang='lat' dir='ltr'><em>De</em></span> <span class='ocrx_word' id='word_1_140' title='bbox 746 2131 957 2198; x_wconf 76' lang='lat' dir='ltr'><em>histrionibus</em></span> <span class='ocrx_word' id='word_1_141' title='bbox 982 2141 1015 2198; x_wconf 92' lang='lat' dir='ltr'><em>et</em></span> <span class='ocrx_word' id='word_1_142' title='bbox 1038 2122 1154 2220; x_wconf 74' lang='lat' dir='ltr'><em>penitis</em></span> <span class='ocrx_word' id='word_1_143' title='bbox 1190 2167 1240 2182; x_wconf 92' lang='lat'><em>-</em></span> <span class='ocrx_word' id='word_1_144' title='bbox 1273 2130 1326 2250; x_wconf 64' lang='lat' dir='ltr'><em>Ile</em></span> <span class='ocrx_word' id='word_1_145' title='bbox 1350 2127 1574 2222; x_wconf 64' lang='lat' dir='ltr'><em>Indulgentiis</em></span> <span class='ocrx_word' id='word_1_146' title='bbox 1601 2157 1660 2184; x_wconf 78' lang='lat'><em>-&#39;</em></span> <span class='ocrx_word' id='word_1_147' title='bbox 1684 2125 1777 2201; x_wconf 77' lang='lat' dir='ltr'><em>&#39;Vsus</em></span> 
     </span>
    </p>
   </div>
   <div class='ocr_carea' id='block_1_4' title="bbox 271 2258 1882 4345">
    <p class='ocr_par' dir='ltr' id='par_1_7' title="bbox 271 2258 1882 4345">
     <span class='ocr_line' id='line_1_15' title="bbox 422 2258 1777 2357; baseline 0.004 -33"><span class='ocrx_word' id='word_1_148' title='bbox 422 2260 553 2357; x_wconf 74' lang='lat' dir='ltr'><em>puidam</em></span> <span class='ocrx_word' id='word_1_149' title='bbox 579 2282 652 2326; x_wconf 89' lang='lat' dir='ltr'><em>cum</em></span> <span class='ocrx_word' id='word_1_150' title='bbox 677 2260 951 2342; x_wconf 80' lang='lat' dir='ltr'><em>declarationibus</em></span> <span class='ocrx_word' id='word_1_151' title='bbox 973 2262 1042 2325; x_wconf 76' lang='lat' dir='ltr'><em>suls</em></span> <span class='ocrx_word' id='word_1_152' title='bbox 1068 2284 1169 2357; x_wconf 84' lang='lat' dir='ltr'><em>quum</em></span> <span class='ocrx_word' id='word_1_153' title='bbox 1192 2260 1449 2352; x_wconf 76' lang='lat' dir='ltr'><em>archiepiscopus</em></span> <span class='ocrx_word' id='word_1_154' title='bbox 1472 2260 1568 2326; x_wconf 85' lang='lat' dir='ltr'><em>babet</em></span> <span class='ocrx_word' id='word_1_155' title='bbox 1583 2258 1777 2329; x_wconf 66' lang='lat' dir='ltr'><em>{oratiotio-</em></span> 
     </span>
     <span class='ocr_line' id='line_1_16' title="bbox 419 2383 1775 2478; baseline 0 -26"><span class='ocrx_word' id='word_1_156' title='bbox 419 2411 494 2452; x_wconf 91' lang='lat' dir='ltr'><em>nem</em></span> <span class='ocrx_word' id='word_1_157' title='bbox 533 2385 697 2452; x_wconf 81' lang='lat' dir='ltr'><em>insnum</em></span> <span class='ocrx_word' id='word_1_158' title='bbox 729 2383 979 2478; x_wconf 71' lang='lat' dir='ltr'><em>suffiaqoneum</em></span> <span class='ocrx_word' id='word_1_159' title='bbox 1012 2399 1045 2453; x_wconf 90' lang='lat' dir='ltr'><em>et</em></span> <span class='ocrx_word' id='word_1_160' title='bbox 1078 2409 1176 2477; x_wconf 86' lang='lat' dir='ltr'><em>super</em></span> <span class='ocrx_word' id='word_1_161' title='bbox 1212 2391 1283 2453; x_wconf 86' lang='lat' dir='ltr'><em>eius</em></span> <span class='ocrx_word' id='word_1_162' title='bbox 1312 2387 1457 2453; x_wconf 85' lang='lat' dir='ltr'><em>subditos</em></span> <span class='ocrx_word' id='word_1_163' title='bbox 1496 2419 1546 2435; x_wconf 90' lang='lat'>-</span> <span class='ocrx_word' id='word_1_164' title='bbox 1588 2383 1694 2454; x_wconf 76' lang='lat' dir='ltr'><em>cona</em></span> <span class='ocrx_word' id='word_1_165' title='bbox 1738 2389 1775 2453; x_wconf 91' lang='lat' dir='ltr'><em>in</em></span> 
     </span>
     <span class='ocr_line' id='line_1_17' title="bbox 332 2493 1775 2612; baseline 0.001 -34"><span class='ocrx_word' id='word_1_166' title='bbox 332 2519 334 2527; x_wconf 89' lang='lat'>&#39;</span> <span class='ocrx_word' id='word_1_167' title='bbox 421 2515 538 2612; x_wconf 82' lang='lat' dir='ltr'><em>quibus</em></span> <span class='ocrx_word' id='word_1_168' title='bbox 567 2515 679 2580; x_wconf 86' lang='lat' dir='ltr'><em>electio</em></span> <span class='ocrx_word' id='word_1_169' title='bbox 708 2511 893 2600; x_wconf 78' lang='lat' dir='ltr'><em>infirmatur</em></span> <span class='ocrx_word' id='word_1_170' title='bbox 924 2523 957 2578; x_wconf 86' lang='lat' dir='ltr'><em>et</em></span> <span class='ocrx_word' id='word_1_171' title='bbox 988 2512 1081 2578; x_wconf 89' lang='lat' dir='ltr'><em>nullo</em></span> <span class='ocrx_word' id='word_1_172' title='bbox 1112 2493 1162 2578; x_wconf 80' lang='lat' dir='ltr'><em>est</em></span> <span class='ocrx_word' id='word_1_173' title='bbox 1190 2514 1261 2602; x_wconf 89' lang='lat' dir='ltr'><em>ipso</em></span> <span class='ocrx_word' id='word_1_174' title='bbox 1285 2515 1357 2579; x_wconf 91' lang='lat' dir='ltr'><em>iure</em></span> <span class='ocrx_word' id='word_1_175' title='bbox 1390 2547 1439 2561; x_wconf 88' lang='grc'><strong>-</strong></span> <span class='ocrx_word' id='word_1_176' title='bbox 1473 2509 1579 2580; x_wconf 83' lang='lat' dir='ltr'><em>Casus</em></span> <span class='ocrx_word' id='word_1_177' title='bbox 1611 2514 1775 2606; x_wconf 82' lang='lat' dir='ltr'><em>actionum</em></span> 
     </span>
     <span class='ocr_line' id='line_1_18' title="bbox 416 2637 1775 2728; baseline 0.003 -24"><span class='ocrx_word' id='word_1_178' title='bbox 416 2642 560 2714; x_wconf 87' lang='lat' dir='ltr'><em>omnium</em></span> <span class='ocrx_word' id='word_1_179' title='bbox 589 2638 736 2704; x_wconf 76' lang='lat' dir='ltr'><em>induce</em></span> <span class='ocrx_word' id='word_1_180' title='bbox 767 2637 858 2704; x_wconf 89' lang='lat' dir='ltr'><em>ciuili</em></span> <span class='ocrx_word' id='word_1_181' title='bbox 899 2671 948 2687; x_wconf 89' lang='lat'>-</span> <span class='ocrx_word' id='word_1_182' title='bbox 987 2639 1153 2728; x_wconf 83' lang='lat' dir='ltr'><em>Repeticio</em></span> <span class='ocrx_word' id='word_1_183' title='bbox 1185 2638 1308 2703; x_wconf 90' lang='lat' dir='ltr'><em>domini</em></span> <span class='ocrx_word' id='word_1_184' title='bbox 1329 2637 1494 2706; x_wconf 73' lang='lat' dir='ltr'><em>totnonis</em></span> <span class='ocrx_word' id='word_1_185' title='bbox 1525 2640 1566 2705; x_wconf 89' lang='lat' dir='ltr'><em>de</em></span> <span class='ocrx_word' id='word_1_186' title='bbox 1588 2663 1663 2728; x_wconf 82' lang='lat' dir='ltr'><em>ymo</em></span> <span class='ocrx_word' id='word_1_187' title='bbox 1688 2643 1775 2708; x_wconf 86' lang='lat' dir='ltr'><em>circa</em></span> 
     </span>
     <span class='ocr_line' id='line_1_19' title="bbox 418 2741 1774 2857; baseline 0.003 -24"><span class='ocrx_word' id='word_1_188' title='bbox 418 2789 448 2834; x_wconf 88' lang='lat' dir='ltr'><em>a.</em></span> <span class='ocrx_word' id='word_1_189' title='bbox 475 2765 696 2856; x_wconf 81' lang='lat' dir='ltr'><em>Quintauallis</em></span> <span class='ocrx_word' id='word_1_190' title='bbox 715 2766 754 2830; x_wconf 90' lang='lat' dir='ltr'><em>de</em></span> <span class='ocrx_word' id='word_1_191' title='bbox 771 2769 842 2830; x_wconf 89' lang='lat' dir='ltr'><em>inre</em></span> <span class='ocrx_word' id='word_1_192' title='bbox 859 2765 999 2849; x_wconf 81' lang='lat' dir='ltr'><em>iurando</em></span> <span class='ocrx_word' id='word_1_193' title='bbox 1025 2800 1074 2814; x_wconf 92' lang='lat'>-</span> <span class='ocrx_word' id='word_1_194' title='bbox 1104 2764 1314 2846; x_wconf 76' lang='lat' dir='ltr'><em>Tractatulus</em></span> <span class='ocrx_word' id='word_1_195' title='bbox 1338 2741 1427 2831; x_wconf 71' lang='lat' dir='ltr'><em>utilis</em></span> <span class='ocrx_word' id='word_1_196' title='bbox 1453 2765 1492 2831; x_wconf 84' lang='lat' dir='ltr'><em>cle</em></span> <span class='ocrx_word' id='word_1_197' title='bbox 1510 2769 1666 2856; x_wconf 62' lang='lat' dir='ltr'><em>regimine</em></span> <span class='ocrx_word' id='word_1_198' title='bbox 1681 2791 1774 2857; x_wconf 82' lang='lat' dir='ltr'><em>prae·</em></span> 
     </span>
     <span class='ocr_line' id='line_1_20' title="bbox 416 2867 1815 2984; baseline 0.004 -27"><span class='ocrx_word' id='word_1_199' title='bbox 416 2881 583 2958; x_wconf 78' lang='lat' dir='ltr'><em>amtatiuo</em></span> <span class='ocrx_word' id='word_1_200' title='bbox 608 2895 748 2984; x_wconf 82' lang='lat' dir='ltr'><em>tempore</em></span> <span class='ocrx_word' id='word_1_201' title='bbox 772 2890 986 2980; x_wconf 88' lang='lat' dir='ltr'><em>pestilenciali</em></span> <span class='ocrx_word' id='word_1_202' title='bbox 1010 2867 1080 2960; x_wconf 78' lang='lat' dir='ltr'><em>XI</em></span> <span class='ocrx_word' id='word_1_203' title='bbox 1104 2923 1154 2941; x_wconf 92' lang='lat'>-</span> <span class='ocrx_word' id='word_1_204' title='bbox 1185 2889 1365 2956; x_wconf 85' lang='lat' dir='ltr'><em>Processus</em></span> <span class='ocrx_word' id='word_1_205' title='bbox 1396 2892 1587 2962; x_wconf 82' lang='lat' dir='ltr'><em>indiciarius</em></span> <span class='ocrx_word' id='word_1_206' title='bbox 1612 2891 1704 2964; x_wconf 86' lang='lat' dir='ltr'><em>XII</em></span> <span class='ocrx_word' id='word_1_207' title='bbox 1724 2929 1772 2946; x_wconf 89' lang='lat'><em>--</em></span> <span class='ocrx_word' id='word_1_208' title='bbox 1801 2877 1815 2964; x_wconf 39' lang='lat' dir='ltr'><em>f</em></span> 
     </span>
     <span class='ocr_line' id='line_1_21' title="bbox 421 3015 1773 3105; baseline 0.004 -24"><span class='ocrx_word' id='word_1_209' title='bbox 421 3017 594 3084; x_wconf 76' lang='lat' dir='ltr'><em>Tractatus</em></span> <span class='ocrx_word' id='word_1_210' title='bbox 623 3017 825 3083; x_wconf 80' lang='lat' dir='ltr'><em>urbacb-</em></span> <span class='ocrx_word' id='word_1_211' title='bbox 857 3016 957 3082; x_wconf 82' lang='lat' dir='ltr'><em>Bulla</em></span> <span class='ocrx_word' id='word_1_212' title='bbox 988 3016 1131 3081; x_wconf 85' lang='lat' dir='ltr'><em>Martini</em></span> <span class='ocrx_word' id='word_1_213' title='bbox 1160 3038 1243 3104; x_wconf 87' lang='lat' dir='ltr'><em>pape</em></span> <span class='ocrx_word' id='word_1_214' title='bbox 1276 3015 1317 3081; x_wconf 90' lang='lat' dir='ltr'><em>de</em></span> <span class='ocrx_word' id='word_1_215' title='bbox 1348 3019 1506 3105; x_wconf 85' lang='lat' dir='ltr'><em>emptione</em></span> <span class='ocrx_word' id='word_1_216' title='bbox 1531 3027 1563 3082; x_wconf 85' lang='lat' dir='ltr'><em>et</em></span> <span class='ocrx_word' id='word_1_217' title='bbox 1587 3017 1773 3086; x_wconf 82' lang='lat' dir='ltr'><em>venditione</em></span> 
     </span>
     <span class='ocr_line' id='line_1_22' title="bbox 420 3087 1771 3231; baseline 0.001 -23"><span class='ocrx_word' id='word_1_218' title='bbox 420 3164 493 3209; x_wconf 88' lang='lat' dir='ltr'><em>cum</em></span> <span class='ocrx_word' id='word_1_219' title='bbox 526 3141 746 3208; x_wconf 85' lang='lat' dir='ltr'><em>declaracione</em></span> <span class='ocrx_word' id='word_1_220' title='bbox 772 3139 962 3210; x_wconf 85' lang='lat' dir='ltr'><em>XIII-</em></span> <span class='ocrx_word' id='word_1_221' title='bbox 1000 3143 1143 3208; x_wconf 79' lang='lat' dir='ltr'><em>lectura</em></span> <span class='ocrx_word' id='word_1_222' title='bbox 1173 3164 1272 3231; x_wconf 86' lang='lat' dir='ltr'><em>super</em></span> <span class='ocrx_word' id='word_1_223' title='bbox 1302 3087 1333 3214; x_wconf 80' lang='lat' dir='ltr'><em>b.</em></span> <span class='ocrx_word' id='word_1_224' title='bbox 1366 3141 1450 3212; x_wconf 83' lang='lat' dir='ltr'><em>Cum</em></span> <span class='ocrx_word' id='word_1_225' title='bbox 1476 3143 1601 3210; x_wconf 88' lang='lat' dir='ltr'><em>martbe</em></span> <span class='ocrx_word' id='word_1_226' title='bbox 1627 3144 1667 3210; x_wconf 89' lang='lat' dir='ltr'><em>de</em></span> <span class='ocrx_word' id='word_1_227' title='bbox 1693 3143 1771 3212; x_wconf 89' lang='lat' dir='ltr'><em>cele·</em></span> 
     </span>
     <span class='ocr_line' id='line_1_23' title="bbox 417 3267 1771 3372; baseline 0.001 -36"><span class='ocrx_word' id='word_1_228' title='bbox 417 3269 564 3336; x_wconf 87' lang='lat' dir='ltr'><em>bratione</em></span> <span class='ocrx_word' id='word_1_229' title='bbox 589 3272 685 3334; x_wconf 85' lang='lat' dir='ltr'><em>misse</em></span> <span class='ocrx_word' id='word_1_230' title='bbox 710 3267 769 3358; x_wconf 86' lang='lat' dir='ltr'><em>per</em></span> <span class='ocrx_word' id='word_1_231' title='bbox 794 3265 959 3359; x_wconf 69' lang='lat' dir='ltr'><em>epreqium</em></span> <span class='ocrx_word' id='word_1_232' title='bbox 984 3269 1145 3336; x_wconf 80' lang='lat' dir='ltr'><em>doctorem</em></span> <span class='ocrx_word' id='word_1_233' title='bbox 1169 3270 1342 3336; x_wconf 87' lang='lat' dir='ltr'><em>arnoldum</em></span> <span class='ocrx_word' id='word_1_234' title='bbox 1370 3270 1501 3372; x_wconf 78' lang='lat' dir='ltr'><em>westsal</em></span> <span class='ocrx_word' id='word_1_235' title='bbox 1525 3271 1696 3360; x_wconf 87' lang='lat' dir='ltr'><em>compilata</em></span> <span class='ocrx_word' id='word_1_236' title='bbox 1719 3306 1771 3328; x_wconf 83' lang='grc' dir='ltr'><em>ι-</em></span> 
     </span>
     <span class='ocr_line' id='line_1_24' title="bbox 416 3392 1770 3518; baseline 0.004 -59"><span class='ocrx_word' id='word_1_237' title='bbox 416 3393 588 3462; x_wconf 84' lang='lat' dir='ltr'><em>Dubitatio</em></span> <span class='ocrx_word' id='word_1_238' title='bbox 613 3394 751 3518; x_wconf 76' lang='lat' dir='ltr'><em>quedam</em></span> <span class='ocrx_word' id='word_1_239' title='bbox 775 3417 875 3482; x_wconf 85' lang='lat' dir='ltr'><em>super</em></span> <span class='ocrx_word' id='word_1_240' title='bbox 899 3417 925 3459; x_wconf 90' lang='lat' dir='ltr'><em>c.</em></span> <span class='ocrx_word' id='word_1_241' title='bbox 953 3392 1068 3460; x_wconf 85' lang='lat' dir='ltr'><em>Omnir</em></span> <span class='ocrx_word' id='word_1_242' title='bbox 1092 3395 1263 3508; x_wconf 84' lang='lat' dir='ltr'><em>utriusque</em></span> <span class='ocrx_word' id='word_1_243' title='bbox 1287 3417 1387 3460; x_wconf 75' lang='lat' dir='ltr'><em>semes</em></span> <span class='ocrx_word' id='word_1_244' title='bbox 1409 3397 1449 3461; x_wconf 90' lang='lat' dir='ltr'><em>de</em></span> <span class='ocrx_word' id='word_1_245' title='bbox 1461 3409 1593 3486; x_wconf 90' lang='lat' dir='ltr'><em>peccato</em></span> <span class='ocrx_word' id='word_1_246' title='bbox 1610 3408 1642 3465; x_wconf 91' lang='lat' dir='ltr'><em>et</em></span> <span class='ocrx_word' id='word_1_247' title='bbox 1658 3401 1770 3465; x_wconf 63' lang='lat' dir='ltr'><em>mma·</em></span> 
     </span>
     <span class='ocr_line' id='line_1_25' title="bbox 271 3519 1771 3618; baseline 0.005 -33"><span class='ocrx_word' id='word_1_248' title='bbox 271 3523 275 3531; x_wconf 85' lang='grc'><strong>’</strong></span> <span class='ocrx_word' id='word_1_249' title='bbox 415 3522 575 3586; x_wconf 84' lang='lat' dir='ltr'><em>sione-</em></span> <span class='ocrx_word' id='word_1_250' title='bbox 595 3522 801 3608; x_wconf 79' lang='lat' dir='ltr'><em>Repetitioc.</em></span> <span class='ocrx_word' id='word_1_251' title='bbox 819 3519 951 3609; x_wconf 79' lang='lat' dir='ltr'><em>Quanto</em></span> <span class='ocrx_word' id='word_1_252' title='bbox 970 3519 1041 3585; x_wconf 88' lang='lat' dir='ltr'><em>de</em></span> <span class='ocrx_word' id='word_1_253' title='bbox 1027 3545 1099 3586; x_wconf 83' lang='lat' dir='ltr'><em>oure</em></span> <span class='ocrx_word' id='word_1_254' title='bbox 1114 3521 1256 3586; x_wconf 90' lang='lat' dir='ltr'><em>iurando</em></span> <span class='ocrx_word' id='word_1_255' title='bbox 1281 3555 1331 3570; x_wconf 89' lang='lat'><em>--</em></span> <span class='ocrx_word' id='word_1_256' title='bbox 1356 3521 1545 3590; x_wconf 76' lang='lat' dir='ltr'><em>lectiorod.</em></span> <span class='ocrx_word' id='word_1_257' title='bbox 1559 3523 1654 3617; x_wconf 81' lang='lat' dir='ltr'><em>floris</em></span> <span class='ocrx_word' id='word_1_258' title='bbox 1669 3549 1771 3618; x_wconf 83' lang='lat' dir='ltr'><em>super</em></span> 
     </span>
     <span class='ocr_line' id='line_1_26' title="bbox 415 3644 1769 3742; baseline 0.008 -33"><span class='ocrx_word' id='word_1_259' title='bbox 415 3644 455 3710; x_wconf 85' lang='lat' dir='ltr'><em>de</em></span> <span class='ocrx_word' id='word_1_260' title='bbox 481 3644 696 3712; x_wconf 81' lang='lat' dir='ltr'><em>celebratione</em></span> <span class='ocrx_word' id='word_1_261' title='bbox 721 3648 817 3710; x_wconf 87' lang='lat' dir='ltr'><em>misse</em></span> <span class='ocrx_word' id='word_1_262' title='bbox 838 3649 873 3710; x_wconf 90' lang='lat' dir='ltr'><em>in</em></span> <span class='ocrx_word' id='word_1_263' title='bbox 894 3646 1096 3710; x_wconf 88' lang='lat' dir='ltr'><em>clementinis</em></span> <span class='ocrx_word' id='word_1_264' title='bbox 1117 3646 1211 3711; x_wconf 86' lang='lat' dir='ltr'><em>Idem</em></span> <span class='ocrx_word' id='word_1_265' title='bbox 1229 3668 1372 3734; x_wconf 87' lang='lat' dir='ltr'><em>sapere.</em></span> <span class='ocrx_word' id='word_1_266' title='bbox 1391 3671 1433 3714; x_wconf 89' lang='lat' dir='ltr'><em>ne</em></span> <span class='ocrx_word' id='word_1_267' title='bbox 1453 3653 1489 3716; x_wconf 93' lang='lat' dir='ltr'><em>in</em></span> <span class='ocrx_word' id='word_1_268' title='bbox 1512 3673 1592 3742; x_wconf 72' lang='lat' dir='ltr'><em>apro</em></span> <span class='ocrx_word' id='word_1_269' title='bbox 1610 3651 1769 3721; x_wconf 85' lang='lat' dir='ltr'><em>dominico</em></span> 
     </span>
     <span class='ocr_line' id='line_1_27' title="bbox 414 3759 1814 3860; baseline 0.003 -26"><span class='ocrx_word' id='word_1_270' title='bbox 414 3766 455 3834; x_wconf 87' lang='lat' dir='ltr'><em>de</em></span> <span class='ocrx_word' id='word_1_271' title='bbox 495 3779 583 3835; x_wconf 87' lang='lat' dir='ltr'><em>statu</em></span> <span class='ocrx_word' id='word_1_272' title='bbox 620 3770 849 3834; x_wconf 73' lang='lat' dir='ltr'><em>monachorum</em></span> <span class='ocrx_word' id='word_1_273' title='bbox 881 3781 915 3834; x_wconf 89' lang='lat' dir='ltr'><em>et</em></span> <span class='ocrx_word' id='word_1_274' title='bbox 948 3769 988 3834; x_wconf 92' lang='lat' dir='ltr'><em>de</em></span> <span class='ocrx_word' id='word_1_275' title='bbox 1019 3770 1238 3860; x_wconf 72' lang='lat' dir='ltr'><em>relipioneet</em></span> <span class='ocrx_word' id='word_1_276' title='bbox 1267 3759 1476 3842; x_wconf 86' lang='lat' dir='ltr'><em>ueneratione</em></span> <span class='ocrx_word' id='word_1_277' title='bbox 1505 3787 1692 3842; x_wconf 80' lang='lat' dir='ltr'><em>sanctorum</em></span> <span class='ocrx_word' id='word_1_278' title='bbox 1717 3811 1768 3831; x_wconf 87' lang='lat'>-</span> <span class='ocrx_word' id='word_1_279' title='bbox 1802 3819 1814 3838; x_wconf 79' lang='grc'><em>,</em></span> 
     </span>
     <span class='ocr_line' id='line_1_28' title="bbox 412 3891 1768 3985; baseline 0.011 -28"><span class='ocrx_word' id='word_1_280' title='bbox 412 3891 569 3983; x_wconf 75' lang='lat' dir='ltr'><em>Quaestio</em></span> <span class='ocrx_word' id='word_1_281' title='bbox 601 3907 710 3960; x_wconf 88' lang='lat' dir='ltr'><em>utrum</em></span> <span class='ocrx_word' id='word_1_282' title='bbox 744 3898 919 3962; x_wconf 87' lang='lat' dir='ltr'><em>canonicus</em></span> <span class='ocrx_word' id='word_1_283' title='bbox 952 3897 1111 3985; x_wconf 87' lang='lat' dir='ltr'><em>recipiens</em></span> <span class='ocrx_word' id='word_1_284' title='bbox 1142 3897 1401 3966; x_wconf 78' lang='lat' dir='ltr'><em>distributionem</em></span> <span class='ocrx_word' id='word_1_285' title='bbox 1431 3912 1463 3968; x_wconf 92' lang='lat' dir='ltr'><em>et</em></span> <span class='ocrx_word' id='word_1_286' title='bbox 1496 3903 1611 3967; x_wconf 80' lang='lat' dir='ltr'><em>exiens</em></span> <span class='ocrx_word' id='word_1_287' title='bbox 1635 3903 1768 3972; x_wconf 73' lang='lat' dir='ltr'><em>ciorum</em></span> 
     </span>
     <span class='ocr_line' id='line_1_29' title="bbox 410 3997 1882 4104; baseline 0.01 -18"><span class='ocrx_word' id='word_1_288' title='bbox 410 4023 482 4086; x_wconf 84' lang='lat' dir='ltr'><em>eine</em></span> <span class='ocrx_word' id='word_1_289' title='bbox 506 4021 663 4085; x_wconf 87' lang='lat' dir='ltr'><em>rationali</em></span> <span class='ocrx_word' id='word_1_290' title='bbox 687 4045 787 4089; x_wconf 88' lang='lat' dir='ltr'><em>causo</em></span> <span class='ocrx_word' id='word_1_291' title='bbox 812 4036 861 4089; x_wconf 88' lang='lat' dir='ltr'><em>eto</em></span> <span class='ocrx_word' id='word_1_292' title='bbox 878 4060 926 4073; x_wconf 92' lang='lat'>-</span> <span class='ocrx_word' id='word_1_293' title='bbox 949 4024 1121 4090; x_wconf 79' lang='lat' dir='ltr'><em>Tractatue</em></span> <span class='ocrx_word' id='word_1_294' title='bbox 1151 4025 1191 4091; x_wconf 90' lang='lat' dir='ltr'><em>dc</em></span> <span class='ocrx_word' id='word_1_295' title='bbox 1211 3997 1413 4094; x_wconf 78' lang='lat' dir='ltr'><em>actionibues</em></span> <span class='ocrx_word' id='word_1_296' title='bbox 1440 4029 1636 4098; x_wconf 78' lang='lat' dir='ltr'><em>tractatulus</em></span> <span class='ocrx_word' id='word_1_297' title='bbox 1658 4032 1767 4104; x_wconf 79' lang='lat' dir='ltr'><em>breuis</em></span> <span class='ocrx_word' id='word_1_298' title='bbox 1879 4085 1882 4091; x_wconf 84' lang='lat'>.</span> 
     </span>
     <span class='ocr_line' id='line_1_30' title="bbox 354 4135 1816 4254; baseline 0.01 -40"><span class='ocrx_word' id='word_1_299' title='bbox 354 4154 370 4196; x_wconf 82' lang='lat'>⁴</span> <span class='ocrx_word' id='word_1_300' title='bbox 415 4149 455 4215; x_wconf 86' lang='lat' dir='ltr'><em>de</em></span> <span class='ocrx_word' id='word_1_301' title='bbox 471 4149 541 4215; x_wconf 88' lang='lat' dir='ltr'><em>uita</em></span> <span class='ocrx_word' id='word_1_302' title='bbox 556 4150 720 4214; x_wconf 90' lang='lat' dir='ltr'><em>actionum</em></span> <span class='ocrx_word' id='word_1_303' title='bbox 739 4147 875 4240; x_wconf 70' lang='lat' dir='ltr'><em>XIIII</em></span> <span class='ocrx_word' id='word_1_304' title='bbox 897 4185 946 4200; x_wconf 92' lang='lat'><em>·-</em></span> <span class='ocrx_word' id='word_1_305' title='bbox 971 4150 1165 4241; x_wconf 81' lang='lat' dir='ltr'><em>Reprobatio</em></span> <span class='ocrx_word' id='word_1_306' title='bbox 1185 4175 1269 4244; x_wconf 89' lang='lat' dir='ltr'><em>pape</em></span> <span class='ocrx_word' id='word_1_307' title='bbox 1291 4156 1436 4248; x_wconf 59' lang='lat' dir='ltr'><em>precarii</em></span> <span class='ocrx_word' id='word_1_308' title='bbox 1458 4157 1663 4254; x_wconf 78' lang='lat' dir='ltr'><em>quorundam</em></span> <span class='ocrx_word' id='word_1_309' title='bbox 1678 4135 1766 4228; x_wconf 75' lang='lat' dir='ltr'><em>arti·</em></span> <span class='ocrx_word' id='word_1_310' title='bbox 1798 4135 1816 4158; x_wconf 28' lang='grc' dir='ltr'>Ἰ</span> 
     </span>
     <span class='ocr_line' id='line_1_31' title="bbox 1341 4281 1363 4345; baseline 0 0"><span class='ocrx_word' id='word_1_311' title='bbox 1341 4281 1363 4345; x_wconf 81' lang='grc'><strong>7</strong></span> 
     </span>
    </p>
   </div>
   <div class='ocr_carea' id='block_1_5' title="bbox 0 0 1986 4998">
    <p class='ocr_par' dir='ltr' id='par_1_8' title="bbox 0 0 1986 4998">
     <span class='ocr_line' id='line_1_32' title="bbox 0 0 1986 4998; baseline 0 8"><span class='ocrx_word' id='word_1_312' title='bbox 0 0 1986 4998; x_wconf 95' lang='lat' dir='ltr'><em> </em></span> 
     </span>
    </p>
   </div>
  </div>
 </body>
</html>
