<?xml version="1.0" encoding="UTF-8"?>
<!DOCTYPE html PUBLIC "-//W3C//DTD XHTML 1.0 Transitional//EN"
    "http://www.w3.org/TR/xhtml1/DTD/xhtml1-transitional.dtd">
<html xmlns="http://www.w3.org/1999/xhtml" xml:lang="en" lang="en">
 <head>
  <title>
</title>
<meta http-equiv="Content-Type" content="text/html;charset=utf-8" />
  <meta name='ocr-system' content='tesseract 3.04.00' />
  <meta name='ocr-capabilities' content='ocr_page ocr_carea ocr_par ocr_line ocrx_word'/>
</head>
<body>
  <div class='ocr_page' id='page_1' title='image "./cataloguscodicu00hermgoog_0012.png"; bbox 0 0 3964 4998; ppageno 0'>
   <div class='ocr_carea' id='block_1_1' title="bbox 949 423 1252 522">
    <p class='ocr_par' dir='ltr' id='par_1_1' title="bbox 949 423 1252 522">
     <span class='ocr_line' id='line_1_1' title="bbox 949 423 1252 522; baseline 0.066 -20"><span class='ocrx_word' id='word_1_1' title='bbox 949 473 997 502; x_wconf 74' lang='grc'><strong>,.</strong></span> <span class='ocrx_word' id='word_1_2' title='bbox 1045 423 1252 522; x_wconf 76' lang='lat' dir='ltr'>v11-1</span> 
     </span>
    </p>
   </div>
   <div class='ocr_carea' id='block_1_2' title="bbox 247 603 1824 1144">
    <p class='ocr_par' dir='ltr' id='par_1_2' title="bbox 247 603 1824 1144">
     <span class='ocr_line' id='line_1_2' title="bbox 339 603 1823 732; baseline 0.009 -21"><span class='ocrx_word' id='word_1_3' title='bbox 339 603 585 725; x_wconf 81' lang='lat' dir='ltr'><strong>servaretur,</strong></span> <span class='ocrx_word' id='word_1_4' title='bbox 621 632 914 721; x_wconf 79' lang='lat' dir='ltr'><strong>innotesceret,</strong></span> <span class='ocrx_word' id='word_1_5' title='bbox 954 641 995 707; x_wconf 86' lang='lat' dir='ltr'><strong>ct</strong></span> <span class='ocrx_word' id='word_1_6' title='bbox 1030 629 1180 731; x_wconf 86' lang='lat' dir='ltr'><strong>quiin</strong></span> <span class='ocrx_word' id='word_1_7' title='bbox 1214 627 1290 708; x_wconf 89' lang='lat' dir='ltr'><strong>bac</strong></span> <span class='ocrx_word' id='word_1_8' title='bbox 1329 630 1414 732; x_wconf 86' lang='lat' dir='ltr'><strong>ipsa</strong></span> <span class='ocrx_word' id='word_1_9' title='bbox 1446 633 1662 717; x_wconf 80' lang='lat' dir='ltr'><strong>Academia</strong></span> <span class='ocrx_word' id='word_1_10' title='bbox 1700 641 1823 724; x_wconf 88' lang='lat' dir='ltr'><strong>bonis</strong></span> 
     </span>
     <span class='ocr_line' id='line_1_3' title="bbox 247 763 1824 869; baseline 0.009 -23"><span class='ocrx_word' id='word_1_11' title='bbox 247 774 253 792; x_wconf 73' lang='grc'><em>“</em></span> <span class='ocrx_word' id='word_1_12' title='bbox 325 766 471 868; x_wconf 78' lang='lat' dir='ltr'><strong>slitcris&#39;</strong></span> <span class='ocrx_word' id='word_1_13' title='bbox 503 789 668 869; x_wconf 82' lang='lat' dir='ltr'><strong>operam</strong></span> <span class='ocrx_word' id='word_1_14' title='bbox 708 766 877 858; x_wconf 88' lang='lat' dir='ltr'><strong>darent,</strong></span> <span class='ocrx_word' id='word_1_15' title='bbox 914 764 965 843; x_wconf 89' lang='lat' dir='ltr'><strong>ad</strong></span> <span class='ocrx_word' id='word_1_16' title='bbox 1002 765 1166 867; x_wconf 88' lang='lat' dir='ltr'><strong>antiqua</strong></span> <span class='ocrx_word' id='word_1_17' title='bbox 1207 763 1282 844; x_wconf 86' lang='lat' dir='ltr'><strong>illa</strong></span> <span class='ocrx_word' id='word_1_18' title='bbox 1312 763 1520 848; x_wconf 89' lang='lat' dir='ltr'><strong>literarum</strong></span> <span class='ocrx_word' id='word_1_19' title='bbox 1551 791 1824 860; x_wconf 90' lang='lat' dir='ltr'><strong>monumenta</strong></span> 
     </span>
     <span class='ocr_line' id='line_1_4' title="bbox 338 895 1821 1010; baseline 0.005 -28"><span class='ocrx_word' id='word_1_20' title='bbox 338 901 614 1004; x_wconf 81' lang='lat' dir='ltr'><strong>cognoscenda</strong></span> <span class='ocrx_word' id='word_1_21' title='bbox 645 899 985 991; x_wconf 80' lang='lat' dir='ltr'><strong>incenderentur,</strong></span> <span class='ocrx_word' id='word_1_22' title='bbox 1026 920 1104 978; x_wconf 89' lang='lat' dir='ltr'><strong>nec</strong></span> <span class='ocrx_word' id='word_1_23' title='bbox 1136 895 1422 976; x_wconf 83' lang='lat' dir='ltr'><strong>bibliothecam</strong></span> <span class='ocrx_word' id='word_1_24' title='bbox 1453 901 1673 988; x_wconf 83' lang='lat' dir='ltr'><strong>visentibus</strong></span> <span class='ocrx_word' id='word_1_25' title='bbox 1705 909 1821 1010; x_wconf 87' lang='lat' dir='ltr'><strong>quasi</strong></span> 
     </span>
     <span class='ocr_line' id='line_1_5' title="bbox 339 1011 1820 1144; baseline 0.005 -30"><span class='ocrx_word' id='word_1_26' title='bbox 339 1035 613 1116; x_wconf 84' lang='lat' dir='ltr'><strong>summarium</strong></span> <span class='ocrx_word' id='word_1_27' title='bbox 639 1057 784 1113; x_wconf 90' lang='lat' dir='ltr'><strong>eorum</strong></span> <span class='ocrx_word' id='word_1_28' title='bbox 801 1011 909 1132; x_wconf 41' lang='lat' dir='ltr'><strong>&#39;quae</strong></span> <span class='ocrx_word' id='word_1_29' title='bbox 925 1031 969 1106; x_wconf 89' lang='lat' dir='ltr'><strong>in</strong></span> <span class='ocrx_word' id='word_1_30' title='bbox 986 1029 1065 1108; x_wconf 90' lang='lat' dir='ltr'><strong>hoc</strong></span> <span class='ocrx_word' id='word_1_31' title='bbox 1081 1055 1225 1134; x_wconf 84' lang='lat' dir='ltr'><strong>genere</strong></span> <span class='ocrx_word' id='word_1_32' title='bbox 1240 1032 1482 1112; x_wconf 87' lang='lat' dir='ltr'><strong>haberemus</strong></span> <span class='ocrx_word' id='word_1_33' title='bbox 1500 1036 1670 1133; x_wconf 81' lang='lat' dir='ltr'><strong>deesset,</strong></span> <span class='ocrx_word' id='word_1_34' title='bbox 1695 1041 1820 1144; x_wconf 83' lang='lat' dir='ltr'><strong>idque</strong></span> 
     </span>
    </p>
   </div>
   <div class='ocr_carea' id='block_1_3' title="bbox 214 1165 1854 1274">
    <p class='ocr_par' dir='ltr' id='par_1_3' title="bbox 214 1165 1854 1274">
     <span class='ocr_line' id='line_1_6' title="bbox 214 1165 1854 1274; baseline 0.004 -24"><span class='ocrx_word' id='word_1_35' title='bbox 214 1240 220 1250; x_wconf 94' lang='lat'>.</span> <span class='ocrx_word' id='word_1_36' title='bbox 340 1174 423 1249; x_wconf 89' lang='lat' dir='ltr'><strong>Vos</strong></span> <span class='ocrx_word' id='word_1_37' title='bbox 439 1194 626 1274; x_wconf 91' lang='lat' dir='ltr'><strong>quoque,</strong></span> <span class='ocrx_word' id='word_1_38' title='bbox 651 1168 738 1246; x_wconf 89' lang='lat' dir='ltr'><strong>Viri</strong></span> <span class='ocrx_word' id='word_1_39' title='bbox 755 1165 1045 1259; x_wconf 85' lang='lat' dir='ltr'><strong>Illustrissimi,</strong></span> <span class='ocrx_word' id='word_1_40' title='bbox 1067 1165 1216 1244; x_wconf 84' lang='lat' dir='ltr'><strong>animis</strong></span> <span class='ocrx_word' id='word_1_41' title='bbox 1231 1166 1383 1244; x_wconf 78' lang='lat' dir='ltr'><strong>Vestris</strong></span> <span class='ocrx_word' id='word_1_42' title='bbox 1405 1172 1636 1271; x_wconf 85' lang='lat' dir='ltr'><strong>proponatis</strong></span> <span class='ocrx_word' id='word_1_43' title='bbox 1657 1197 1821 1274; x_wconf 85' lang='lat' dir='ltr'><strong>quaeso,</strong></span> <span class='ocrx_word' id='word_1_44' title='bbox 1850 1242 1854 1257; x_wconf 58' lang='lat'><em>„</em></span> 
     </span>
    </p>
   </div>
   <div class='ocr_carea' id='block_1_4' title="bbox 230 1299 1915 3423">
    <p class='ocr_par' dir='ltr' id='par_1_4' title="bbox 230 1299 1915 3423">
     <span class='ocr_line' id='line_1_7' title="bbox 339 1299 1821 1409; baseline 0.003 -25"><span class='ocrx_word' id='word_1_45' title='bbox 339 1328 415 1399; x_wconf 91' lang='lat' dir='ltr'><strong>ne,</strong></span> <span class='ocrx_word' id='word_1_46' title='bbox 440 1306 475 1382; x_wconf 94' lang='lat' dir='ltr'><strong>si</strong></span> <span class='ocrx_word' id='word_1_47' title='bbox 500 1305 619 1406; x_wconf 90' lang='lat' dir='ltr'><strong>plura</strong></span> <span class='ocrx_word' id='word_1_48' title='bbox 644 1301 956 1405; x_wconf 79' lang='lat' dir='ltr'><strong>exspectaveritis</strong></span> <span class='ocrx_word' id='word_1_49' title='bbox 981 1324 1105 1404; x_wconf 89' lang='lat' dir='ltr'><strong>quam</strong></span> <span class='ocrx_word' id='word_1_50' title='bbox 1123 1324 1197 1403; x_wconf 91' lang='lat' dir='ltr'><strong>ego</strong></span> <span class='ocrx_word' id='word_1_51' title='bbox 1217 1314 1289 1380; x_wconf 88' lang='lat' dir='ltr'><strong>aut</strong></span> <span class='ocrx_word' id='word_1_52' title='bbox 1311 1299 1510 1394; x_wconf 87' lang='lat' dir='ltr'><strong>voluerim</strong></span> <span class='ocrx_word' id='word_1_53' title='bbox 1531 1319 1601 1385; x_wconf 90' lang='lat' dir='ltr'><strong>aut</strong></span> <span class='ocrx_word' id='word_1_54' title='bbox 1622 1321 1821 1409; x_wconf 88' lang='lat' dir='ltr'><strong>praestare</strong></span> 
     </span>
     <span class='ocr_line' id='line_1_8' title="bbox 330 1435 1820 1541; baseline 0.001 -23"><span class='ocrx_word' id='word_1_55' title='bbox 330 1439 569 1541; x_wconf 82' lang='lat' dir='ltr'><strong>potuerim,</strong></span> <span class='ocrx_word' id='word_1_56' title='bbox 608 1438 727 1518; x_wconf 84' lang='lat' dir='ltr'><strong>verba</strong></span> <span class='ocrx_word' id='word_1_57' title='bbox 757 1437 882 1516; x_wconf 87' lang='lat' dir='ltr'><strong>Vobis</strong></span> <span class='ocrx_word' id='word_1_58' title='bbox 918 1437 1007 1517; x_wconf 88' lang='lat' dir='ltr'><strong>data</strong></span> <span class='ocrx_word' id='word_1_59' title='bbox 1040 1457 1236 1536; x_wconf 89' lang='lat' dir='ltr'><strong>spemque</strong></span> <span class='ocrx_word' id='word_1_60' title='bbox 1267 1439 1349 1513; x_wconf 88' lang='lat' dir='ltr'><strong>Vos</strong></span> <span class='ocrx_word' id='word_1_61' title='bbox 1382 1439 1564 1516; x_wconf 89' lang='lat' dir='ltr'><strong>Vestram</strong></span> <span class='ocrx_word' id='word_1_62' title='bbox 1590 1435 1820 1520; x_wconf 74' lang='lat' dir='ltr'><strong>hristratam</strong></span> 
     </span>
     <span class='ocr_line' id='line_1_9' title="bbox 326 1563 1821 1679; baseline 0.002 -27"><span class='ocrx_word' id='word_1_63' title='bbox 326 1595 426 1652; x_wconf 81' lang='lat' dir='ltr'><strong>esse</strong></span> <span class='ocrx_word' id='word_1_64' title='bbox 452 1570 694 1674; x_wconf 86' lang='lat' dir='ltr'><strong>queramini.</strong></span> <span class='ocrx_word' id='word_1_65' title='bbox 749 1574 854 1649; x_wconf 90' lang='lat' dir='ltr'><strong>Nam</strong></span> <span class='ocrx_word' id='word_1_66' title='bbox 881 1591 984 1672; x_wconf 86' lang='lat' dir='ltr'><strong>quae</strong></span> <span class='ocrx_word' id='word_1_67' title='bbox 1010 1563 1059 1646; x_wconf 91' lang='lat' dir='ltr'><strong>de</strong></span> <span class='ocrx_word' id='word_1_68' title='bbox 1084 1567 1284 1648; x_wconf 89' lang='lat' dir='ltr'><strong>librorum</strong></span> <span class='ocrx_word' id='word_1_69' title='bbox 1309 1571 1570 1674; x_wconf 86' lang='lat' dir='ltr'><strong>scriptoribus</strong></span> <span class='ocrx_word' id='word_1_70' title='bbox 1596 1597 1821 1679; x_wconf 90' lang='lat' dir='ltr'><strong>eorumque</strong></span> 
     </span>
     <span class='ocr_line' id='line_1_10' title="bbox 338 1704 1822 1824; baseline 0 -36"><span class='ocrx_word' id='word_1_71' title='bbox 338 1707 815 1808; x_wconf 73' lang='lat' dir='ltr'><strong>aetateeditionihusque</strong></span> <span class='ocrx_word' id='word_1_72' title='bbox 840 1706 874 1783; x_wconf 89' lang='lat' dir='ltr'><strong>si</strong></span> <span class='ocrx_word' id='word_1_73' title='bbox 900 1727 1003 1808; x_wconf 85' lang='lat' dir='ltr'><strong>quae</strong></span> <span class='ocrx_word' id='word_1_74' title='bbox 1029 1715 1226 1784; x_wconf 84' lang='lat' dir='ltr'><strong>exstarent</strong></span> <span class='ocrx_word' id='word_1_75' title='bbox 1249 1704 1404 1797; x_wconf 87' lang='lat' dir='ltr'><strong>addidi,</strong></span> <span class='ocrx_word' id='word_1_76' title='bbox 1430 1706 1574 1808; x_wconf 89' lang='lat' dir='ltr'><strong>exigua</strong></span> <span class='ocrx_word' id='word_1_77' title='bbox 1599 1720 1760 1824; x_wconf 81' lang='lat' dir='ltr'><strong>tantum</strong></span> <span class='ocrx_word' id='word_1_78' title='bbox 1781 1723 1822 1790; x_wconf 91' lang='lat' dir='ltr'><strong>et</strong></span> 
     </span>
     <span class='ocr_line' id='line_1_11' title="bbox 336 1822 1818 1943; baseline 0.001 -23"><span class='ocrx_word' id='word_1_79' title='bbox 336 1841 532 1943; x_wconf 81' lang='lat' dir='ltr'><strong>temporis</strong></span> <span class='ocrx_word' id='word_1_80' title='bbox 556 1840 762 1942; x_wconf 87' lang='lat' dir='ltr'><strong>angustiae</strong></span> <span class='ocrx_word' id='word_1_81' title='bbox 783 1852 824 1916; x_wconf 92' lang='lat' dir='ltr'><strong>et</strong></span> <span class='ocrx_word' id='word_1_82' title='bbox 840 1836 1141 1930; x_wconf 80' lang='lat' dir='ltr'><strong>subsidiorum,</strong></span> <span class='ocrx_word' id='word_1_83' title='bbox 1166 1822 1246 1942; x_wconf 77' lang='lat' dir='ltr'><strong>qrsa</strong></span> <span class='ocrx_word' id='word_1_84' title='bbox 1262 1839 1329 1918; x_wconf 92' lang='lat' dir='ltr'><strong>hic</strong></span> <span class='ocrx_word' id='word_1_85' title='bbox 1345 1840 1501 1933; x_wconf 89' lang='lat' dir='ltr'><strong>laboro,</strong></span> <span class='ocrx_word' id='word_1_86' title='bbox 1522 1845 1757 1942; x_wconf 91' lang='lat' dir='ltr'><strong>praesertim</strong></span> <span class='ocrx_word' id='word_1_87' title='bbox 1772 1846 1818 1922; x_wconf 93' lang='lat' dir='ltr'><strong>in</strong></span> 
     </span>
     <span class='ocr_line' id='line_1_12' title="bbox 337 1965 1819 2078; baseline 0.005 -26"><span class='ocrx_word' id='word_1_88' title='bbox 337 1965 499 2070; x_wconf 85' lang='lat' dir='ltr'><strong>medico</strong></span> <span class='ocrx_word' id='word_1_89' title='bbox 511 1997 656 2075; x_wconf 84' lang='lat' dir='ltr'><strong>genere</strong></span> <span class='ocrx_word' id='word_1_90' title='bbox 673 1975 810 2076; x_wconf 84' lang='lat' dir='ltr'><strong>inopie</strong></span> <span class='ocrx_word' id='word_1_91' title='bbox 824 1997 893 2052; x_wconf 92' lang='lat' dir='ltr'><strong>me</strong></span> <span class='ocrx_word' id='word_1_92' title='bbox 911 1973 1096 2052; x_wconf 87' lang='lat' dir='ltr'><strong>exhibere</strong></span> <span class='ocrx_word' id='word_1_93' title='bbox 1110 1975 1311 2068; x_wconf 83' lang='lat' dir='ltr'><strong>sinebant,</strong></span> <span class='ocrx_word' id='word_1_94' title='bbox 1327 1999 1403 2052; x_wconf 92' lang='lat' dir='ltr'><strong>nec</strong></span> <span class='ocrx_word' id='word_1_95' title='bbox 1418 1976 1561 2053; x_wconf 91' lang='lat' dir='ltr'><strong>dubito</strong></span> <span class='ocrx_word' id='word_1_96' title='bbox 1575 1978 1819 2078; x_wconf 80' lang='lat' dir='ltr'><strong>quinmulta</strong></span> 
     </span>
     <span class='ocr_line' id='line_1_13' title="bbox 336 2105 1821 2212; baseline 0.003 -26"><span class='ocrx_word' id='word_1_97' title='bbox 336 2129 406 2188; x_wconf 91' lang='lat' dir='ltr'><strong>me</strong></span> <span class='ocrx_word' id='word_1_98' title='bbox 421 2106 599 2210; x_wconf 79' lang='lat' dir='ltr'><strong>fugerint</strong></span> <span class='ocrx_word' id='word_1_99' title='bbox 617 2110 856 2212; x_wconf 81' lang='lat' dir='ltr'><strong>saepiusque</strong></span> <span class='ocrx_word' id='word_1_100' title='bbox 872 2109 993 2188; x_wconf 89' lang='lat' dir='ltr'><strong>etiam</strong></span> <span class='ocrx_word' id='word_1_101' title='bbox 1016 2130 1140 2210; x_wconf 86' lang='lat' dir='ltr'><strong>quam</strong></span> <span class='ocrx_word' id='word_1_102' title='bbox 1159 2129 1273 2184; x_wconf 89' lang='lat' dir='ltr'><strong>nunc</strong></span> <span class='ocrx_word' id='word_1_103' title='bbox 1294 2105 1517 2208; x_wconf 87' lang='lat' dir='ltr'><strong>intelligam</strong></span> <span class='ocrx_word' id='word_1_104' title='bbox 1539 2108 1747 2205; x_wconf 89' lang='lat' dir='ltr'><strong>acciderit,</strong></span> <span class='ocrx_word' id='word_1_105' title='bbox 1770 2125 1821 2190; x_wconf 85' lang='lat' dir='ltr'><strong>ut</strong></span> 
     </span>
     <span class='ocr_line' id='line_1_14' title="bbox 337 2242 1819 2347; baseline -0.001 -24"><span class='ocrx_word' id='word_1_106' title='bbox 337 2257 408 2323; x_wconf 82' lang='lat' dir='ltr'><strong>aut</strong></span> <span class='ocrx_word' id='word_1_107' title='bbox 432 2244 608 2347; x_wconf 89' lang='lat' dir='ltr'><strong>ignorari</strong></span> <span class='ocrx_word' id='word_1_108' title='bbox 634 2245 833 2325; x_wconf 92' lang='lat' dir='ltr'><strong>librorum</strong></span> <span class='ocrx_word' id='word_1_109' title='bbox 866 2244 1079 2345; x_wconf 88' lang='lat' dir='ltr'><strong>scriptores</strong></span> <span class='ocrx_word' id='word_1_110' title='bbox 1111 2243 1316 2334; x_wconf 89' lang='lat' dir='ltr'><strong>dicerem,</strong></span> <span class='ocrx_word' id='word_1_111' title='bbox 1348 2242 1419 2342; x_wconf 86' lang='lat' dir='ltr'><strong>qui</strong></span> <span class='ocrx_word' id='word_1_112' title='bbox 1453 2242 1699 2320; x_wconf 88' lang='lat' dir='ltr'><strong>doctioribus</strong></span> <span class='ocrx_word' id='word_1_113' title='bbox 1731 2245 1819 2322; x_wconf 90' lang='lat' dir='ltr'><strong>noti</strong></span> 
     </span>
     <span class='ocr_line' id='line_1_15' title="bbox 338 2374 1819 2482; baseline 0.003 -26"><span class='ocrx_word' id='word_1_114' title='bbox 338 2393 489 2474; x_wconf 89' lang='lat' dir='ltr'><strong>essent,</strong></span> <span class='ocrx_word' id='word_1_115' title='bbox 519 2395 590 2460; x_wconf 90' lang='lat' dir='ltr'><strong>aut</strong></span> <span class='ocrx_word' id='word_1_116' title='bbox 612 2380 714 2482; x_wconf 90' lang='lat' dir='ltr'><strong>typis</strong></span> <span class='ocrx_word' id='word_1_117' title='bbox 740 2375 944 2481; x_wconf 85' lang='lat' dir='ltr'><strong>expressos</strong></span> <span class='ocrx_word' id='word_1_118' title='bbox 969 2399 1182 2479; x_wconf 88' lang='lat' dir='ltr'><strong>negarem,</strong></span> <span class='ocrx_word' id='word_1_119' title='bbox 1213 2375 1284 2476; x_wconf 89' lang='lat' dir='ltr'><strong>qui</strong></span> <span class='ocrx_word' id='word_1_120' title='bbox 1310 2374 1469 2456; x_wconf 90' lang='lat' dir='ltr'><strong>dudum</strong></span> <span class='ocrx_word' id='word_1_121' title='bbox 1494 2376 1539 2453; x_wconf 94' lang='lat' dir='ltr'><strong>in</strong></span> <span class='ocrx_word' id='word_1_122' title='bbox 1564 2378 1819 2478; x_wconf 86' lang='lat' dir='ltr'><strong>eruditorum</strong></span> 
     </span>
     <span class='ocr_line' id='line_1_16' title="bbox 334 2485 1818 2619; baseline 0.001 -25"><span class='ocrx_word' id='word_1_123' title='bbox 334 2485 525 2594; x_wconf 84' lang='lat' dir='ltr'><strong>manibus</strong></span> <span class='ocrx_word' id='word_1_124' title='bbox 548 2527 804 2592; x_wconf 79' lang='lat' dir='ltr'><strong>versarentur</strong></span> <span class='ocrx_word' id='word_1_125' title='bbox 821 2513 876 2611; x_wconf 84' lang='lat'><strong>¹);</strong></span> <span class='ocrx_word' id='word_1_126' title='bbox 906 2525 1121 2614; x_wconf 87' lang='lat' dir='ltr'><strong>praestare·</strong></span> <span class='ocrx_word' id='word_1_127' title='bbox 1129 2521 1234 2588; x_wconf 87' lang='lat' dir='ltr'><strong>certe</strong></span> <span class='ocrx_word' id='word_1_128' title='bbox 1260 2531 1348 2588; x_wconf 85' lang='lat' dir='ltr'><strong>eam</strong></span> <span class='ocrx_word' id='word_1_129' title='bbox 1374 2522 1535 2591; x_wconf 87' lang='lat' dir='ltr'><strong>tantum</strong></span> <span class='ocrx_word' id='word_1_130' title='bbox 1560 2538 1699 2593; x_wconf 89' lang='lat' dir='ltr'><strong>curam</strong></span> <span class='ocrx_word' id='word_1_131' title='bbox 1725 2523 1818 2619; x_wconf 79' lang='lat' dir='ltr'><strong>&#39;pos-</strong></span> 
     </span>
     <span class='ocr_line' id='line_1_17' title="bbox 334 2627 1915 2748; baseline 0.005 -26"><span class='ocrx_word' id='word_1_132' title='bbox 334 2668 454 2738; x_wconf 89' lang='lat' dir='ltr'><strong>sum,</strong></span> <span class='ocrx_word' id='word_1_133' title='bbox 501 2669 625 2747; x_wconf 86' lang='lat' dir='ltr'><strong>quam</strong></span> <span class='ocrx_word' id='word_1_134' title='bbox 665 2647 711 2722; x_wconf 91' lang='lat' dir='ltr'><strong>iu</strong></span> <span class='ocrx_word' id='word_1_135' title='bbox 744 2645 970 2748; x_wconf 85' lang='lat' dir='ltr'><strong>typothetae</strong></span> <span class='ocrx_word' id='word_1_136' title='bbox 1002 2635 1157 2724; x_wconf 68' lang='lat' dir='ltr'><strong>lahore‘</strong></span> <span class='ocrx_word' id='word_1_137' title='bbox 1176 2643 1351 2745; x_wconf 90' lang='lat' dir='ltr'><strong>regendo</strong></span> <span class='ocrx_word' id='word_1_138' title='bbox 1377 2643 1545 2722; x_wconf 87' lang='lat' dir='ltr'><strong>adhibui</strong></span> <span class='ocrx_word' id='word_1_139' title='bbox 1567 2627 1625 2745; x_wconf 61' lang='grc' dir='ltr'><strong>ἐ),</strong></span> <span class='ocrx_word' id='word_1_140' title='bbox 1658 2649 1739 2726; x_wconf 87' lang='lat' dir='ltr'><strong>-ubi</strong></span> <span class='ocrx_word' id='word_1_141' title='bbox 1771 2671 1818 2731; x_wconf 83' lang='lat' dir='ltr'><strong>ea</strong></span> <span class='ocrx_word' id='word_1_142' title='bbox 1886 2639 1915 2674; x_wconf 66' lang='lat'><strong>⁵</strong></span> 
     </span>
     <span class='ocr_line' id='line_1_18' title="bbox 334 2749 1820 2886; baseline 0.005 -32"><span class='ocrx_word' id='word_1_143' title='bbox 334 2771 524 2881; x_wconf 71' lang='lat' dir='ltr'><strong>quidem,</strong></span> <span class='ocrx_word' id='word_1_144' title='bbox 550 2801 653 2880; x_wconf 89' lang='lat' dir='ltr'><strong>quae</strong></span> <span class='ocrx_word' id='word_1_145' title='bbox 673 2803 721 2857; x_wconf 85' lang='lat' dir='ltr'><strong>ex</strong></span> <span class='ocrx_word' id='word_1_146' title='bbox 737 2779 826 2880; x_wconf 91' lang='lat' dir='ltr'><strong>ipso</strong></span> <span class='ocrx_word' id='word_1_147' title='bbox 844 2749 982 2856; x_wconf 84' lang='lat' dir='ltr'><strong>codice</strong></span> <span class='ocrx_word' id='word_1_148' title='bbox 1008 2778 1350 2886; x_wconf 80' lang='lat' dir='ltr'><strong>exprimerentur,</strong></span> <span class='ocrx_word' id='word_1_149' title='bbox 1375 2777 1577 2857; x_wconf 88' lang='lat' dir='ltr'><strong>inclinatis</strong></span> <span class='ocrx_word' id='word_1_150' title='bbox 1595 2780 1727 2858; x_wconf 85' lang='lat' dir='ltr'><strong>literis</strong></span> <span class='ocrx_word' id='word_1_151' title='bbox 1752 2805 1820 2860; x_wconf 59' lang='lat' dir='ltr'><strong>ex&lt;</strong></span> 
     </span>
     <span class='ocr_line' id='line_1_19' title="bbox 335 2895 1816 3013; baseline 0.003 -23"><span class='ocrx_word' id='word_1_152' title='bbox 335 2895 520 2993; x_wconf 77' lang='lat' dir='ltr'><strong>cudendo</strong></span> <span class='ocrx_word' id='word_1_153' title='bbox 546 2913 701 3005; x_wconf 89' lang='lat' dir='ltr'><strong>curavi,</strong></span> <span class='ocrx_word' id='word_1_154' title='bbox 727 2911 791 2992; x_wconf 88' lang='lat' dir='ltr'><strong>sin</strong></span> <span class='ocrx_word' id='word_1_155' title='bbox 808 2912 968 2991; x_wconf 88' lang='lat' dir='ltr'><strong>rubrica</strong></span> <span class='ocrx_word' id='word_1_156' title='bbox 986 2911 1130 3013; x_wconf 85' lang='lat' dir='ltr'><strong>scripta</strong></span> <span class='ocrx_word' id='word_1_157' title='bbox 1148 2924 1301 3000; x_wconf 87' lang='lat' dir='ltr'><strong>essent,</strong></span> <span class='ocrx_word' id='word_1_158' title='bbox 1324 2923 1525 3012; x_wconf 88' lang='lat' dir='ltr'><strong>praeterea</strong></span> <span class='ocrx_word' id='word_1_159' title='bbox 1553 2916 1674 2994; x_wconf 88' lang='lat' dir='ltr'><strong>etiam</strong></span> <span class='ocrx_word' id='word_1_160' title='bbox 1691 2917 1816 2996; x_wconf 87' lang='lat' dir='ltr'><strong>inter·</strong></span> 
     </span>
     <span class='ocr_line' id='line_1_20' title="bbox 289 3043 1816 3153; baseline 0.005 -31"><span class='ocrx_word' id='word_1_161' title='bbox 289 3116 293 3122; x_wconf 86' lang='grc'><em>,</em></span> <span class='ocrx_word' id='word_1_162' title='bbox 334 3048 453 3130; x_wconf 83' lang='lat' dir='ltr'><strong>vallis</strong></span> <span class='ocrx_word' id='word_1_163' title='bbox 477 3047 670 3153; x_wconf 86' lang='lat' dir='ltr'><strong>distingui</strong></span> <span class='ocrx_word' id='word_1_164' title='bbox 695 3048 821 3150; x_wconf 89' lang='lat' dir='ltr'><strong>jussi,</strong></span> <span class='ocrx_word' id='word_1_165' title='bbox 854 3062 894 3127; x_wconf 89' lang='lat' dir='ltr'><strong>et</strong></span> <span class='ocrx_word' id='word_1_166' title='bbox 924 3045 1164 3149; x_wconf 85' lang='lat' dir='ltr'><strong>compendia</strong></span> <span class='ocrx_word' id='word_1_167' title='bbox 1189 3043 1356 3148; x_wconf 87' lang='lat' dir='ltr'><strong>quidem</strong></span> <span class='ocrx_word' id='word_1_168' title='bbox 1381 3046 1605 3141; x_wconf 87' lang='lat' dir='ltr'><strong>scribendi,</strong></span> <span class='ocrx_word' id='word_1_169' title='bbox 1636 3074 1816 3153; x_wconf 83' lang='lat' dir='ltr'><strong>quorum</strong></span> 
     </span>
     <span class='ocr_line' id='line_1_21' title="bbox 334 3177 1815 3287; baseline 0.003 -25"><span class='ocrx_word' id='word_1_170' title='bbox 334 3183 506 3264; x_wconf 87' lang='lat' dir='ltr'><strong>imitatio</strong></span> <span class='ocrx_word' id='word_1_171' title='bbox 530 3181 592 3264; x_wconf 88' lang='lat' dir='ltr'><strong>vel</strong></span> <span class='ocrx_word' id='word_1_172' title='bbox 616 3186 819 3287; x_wconf 89' lang='lat' dir='ltr'><strong>impensas</strong></span> <span class='ocrx_word' id='word_1_173' title='bbox 844 3181 970 3260; x_wconf 88' lang='lat' dir='ltr'><strong>libelli</strong></span> <span class='ocrx_word' id='word_1_174' title='bbox 995 3183 1119 3261; x_wconf 90' lang='lat' dir='ltr'><strong>nimis</strong></span> <span class='ocrx_word' id='word_1_175' title='bbox 1145 3196 1310 3263; x_wconf 87' lang='lat' dir='ltr'><strong>auctura</strong></span> <span class='ocrx_word' id='word_1_176' title='bbox 1335 3177 1498 3276; x_wconf 87' lang='lat' dir='ltr'><strong>fuisset,</strong></span> <span class='ocrx_word' id='word_1_177' title='bbox 1533 3209 1699 3285; x_wconf 90' lang='lat' dir='ltr'><strong>prorsus</strong></span> <span class='ocrx_word' id='word_1_178' title='bbox 1725 3211 1815 3266; x_wconf 89' lang='lat' dir='ltr'><strong>sus·</strong></span> 
     </span>
     <span class='ocr_line' id='line_1_22' title="bbox 230 3301 1817 3423; baseline 0.007 -32"><span class='ocrx_word' id='word_1_179' title='bbox 230 3375 238 3391; x_wconf 77' lang='grc'>.</span> <span class='ocrx_word' id='word_1_180' title='bbox 334 3319 437 3416; x_wconf 88' lang='lat' dir='ltr'><strong>tuli,</strong></span> <span class='ocrx_word' id='word_1_181' title='bbox 475 3301 674 3423; x_wconf 84' lang='lat' dir='ltr'><strong>reliquam</strong></span> <span class='ocrx_word' id='word_1_182' title='bbox 707 3342 802 3399; x_wconf 84' lang='lat' dir='ltr'><strong>vero</strong></span> <span class='ocrx_word' id='word_1_183' title='bbox 831 3315 1160 3420; x_wconf 88' lang='lat' dir='ltr'><strong>orthographiam</strong></span> <span class='ocrx_word' id='word_1_184' title='bbox 1176 3328 1342 3418; x_wconf 35' lang='lat' dir='ltr'><strong>,quanta</strong></span> <span class='ocrx_word' id='word_1_185' title='bbox 1373 3316 1488 3418; x_wconf 90' lang='lat' dir='ltr'><strong>potui</strong></span> <span class='ocrx_word' id='word_1_186' title='bbox 1514 3315 1593 3395; x_wconf 92' lang='lat' dir='ltr'><strong>fide</strong></span> <span class='ocrx_word' id='word_1_187' title='bbox 1618 3319 1817 3423; x_wconf 82' lang='lat' dir='ltr'><strong>integram·</strong></span> 
     </span>
    </p>
   </div>
   <div class='ocr_carea' id='block_1_5' title="bbox 403 3591 1854 4230">
    <p class='ocr_par' dir='ltr' id='par_1_5' title="bbox 403 3591 1846 4041">
     <span class='ocr_line' id='line_1_23' title="bbox 403 3591 1816 3669; baseline 0 -19"><span class='ocrx_word' id='word_1_188' title='bbox 403 3594 433 3664; x_wconf 79' lang='grc' dir='ltr'><strong>Ι)</strong></span> <span class='ocrx_word' id='word_1_189' title='bbox 449 3595 494 3652; x_wconf 75' lang='lat' dir='ltr'><strong>ste</strong></span> <span class='ocrx_word' id='word_1_190' title='bbox 509 3613 578 3649; x_wconf 85' lang='lat' dir='ltr'><strong>nunc</strong></span> <span class='ocrx_word' id='word_1_191' title='bbox 594 3596 697 3648; x_wconf 77' lang='lat' dir='ltr'><strong>demum</strong></span> <span class='ocrx_word' id='word_1_192' title='bbox 713 3593 826 3664; x_wconf 80' lang='lat' dir='ltr'><strong>comperi</strong></span> <span class='ocrx_word' id='word_1_193' title='bbox 842 3593 943 3669; x_wconf 68' lang='lat' dir='ltr'><strong>Aliensi</strong></span> <span class='ocrx_word' id='word_1_194' title='bbox 959 3593 1071 3658; x_wconf 83' lang='lat' dir='ltr'><strong>librum,</strong></span> <span class='ocrx_word' id='word_1_195' title='bbox 1088 3595 1122 3647; x_wconf 89' lang='lat' dir='ltr'><strong>de</strong></span> <span class='ocrx_word' id='word_1_196' title='bbox 1135 3609 1190 3664; x_wconf 71' lang='lat' dir='ltr'><strong>qno</strong></span> <span class='ocrx_word' id='word_1_197' title='bbox 1207 3592 1250 3666; x_wconf 78' lang='lat' dir='ltr'><strong>egi</strong></span> <span class='ocrx_word' id='word_1_198' title='bbox 1267 3591 1302 3644; x_wconf 85' lang='lat' dir='ltr'><strong>sd</strong></span> <span class='ocrx_word' id='word_1_199' title='bbox 1317 3592 1374 3646; x_wconf 78' lang='lat' dir='ltr'><strong>eod.</strong></span> <span class='ocrx_word' id='word_1_200' title='bbox 1392 3591 1424 3644; x_wconf 81' lang='lat' dir='ltr'><strong>ll.</strong></span> <span class='ocrx_word' id='word_1_201' title='bbox 1441 3591 1469 3656; x_wconf 74' lang='grc'><strong>7,</strong></span> <span class='ocrx_word' id='word_1_202' title='bbox 1481 3593 1539 3669; x_wconf 70' lang='lat' dir='ltr'><strong>J’em</strong></span> <span class='ocrx_word' id='word_1_203' title='bbox 1555 3598 1616 3646; x_wconf 81' lang='lat' dir='ltr'><strong>ente</strong></span> <span class='ocrx_word' id='word_1_204' title='bbox 1632 3591 1681 3648; x_wconf 89' lang='lat' dir='ltr'><strong>hos</strong></span> <span class='ocrx_word' id='word_1_205' title='bbox 1696 3595 1816 3650; x_wconf 82' lang='lat' dir='ltr'><strong>undecim</strong></span> 
     </span>
     <span class='ocr_line' id='line_1_24' title="bbox 456 3661 1846 3765; baseline 0.001 -24"><span class='ocrx_word' id='word_1_206' title='bbox 456 3705 538 3741; x_wconf 76' lang='lat' dir='ltr'><strong>annos</strong></span> <span class='ocrx_word' id='word_1_207' title='bbox 554 3661 682 3758; x_wconf 76' lang='lat' dir='ltr'><strong>prodiisse</strong></span> <span class='ocrx_word' id='word_1_208' title='bbox 715 3685 764 3740; x_wconf 87' lang='lat' dir='ltr'><strong>hoc</strong></span> <span class='ocrx_word' id='word_1_209' title='bbox 780 3686 870 3740; x_wconf 75' lang='lat' dir='ltr'><strong>titulos</strong></span> <span class='ocrx_word' id='word_1_210' title='bbox 893 3687 1020 3758; x_wconf 70' lang='lat' dir='ltr'><strong>Alfeni,</strong></span> <span class='ocrx_word' id='word_1_211' title='bbox 1038 3686 1081 3748; x_wconf 72' lang='lat'><strong>1³,</strong></span> <span class='ocrx_word' id='word_1_212' title='bbox 1106 3685 1249 3759; x_wconf 71' lang='lat' dir='ltr'><strong>disciplina</strong></span> <span class='ocrx_word' id='word_1_213' title='bbox 1265 3685 1401 3738; x_wconf 71' lang='lat' dir='ltr'><strong>clericalis.</strong></span> <span class='ocrx_word' id='word_1_214' title='bbox 1436 3685 1504 3738; x_wconf 77' lang='lat' dir='ltr'><strong>lum</strong></span> <span class='ocrx_word' id='word_1_215' title='bbox 1521 3689 1662 3742; x_wconf 60' lang='lat' dir='ltr'><strong>ademi</strong></span> <span class='ocrx_word' id='word_1_216' title='bbox 1676 3687 1815 3765; x_wconf 58' lang='lat' dir='ltr'><strong>lucurge-</strong></span> <span class='ocrx_word' id='word_1_217' title='bbox 1843 3698 1846 3708; x_wconf 92' lang='lat'>&#39;</span> 
     </span>
     <span class='ocr_line' id='line_1_25' title="bbox 458 3777 1815 3853; baseline 0.006 -21"><span class='ocrx_word' id='word_1_218' title='bbox 458 3781 540 3852; x_wconf 71' lang='lat' dir='ltr'><strong>gebest</strong></span> <span class='ocrx_word' id='word_1_219' title='bbox 564 3783 612 3833; x_wconf 77' lang='lat' dir='ltr'><strong>mit</strong></span> <span class='ocrx_word' id='word_1_220' title='bbox 634 3779 790 3852; x_wconf 70' lang='lat' dir='ltr'><strong>Eiokitung</strong></span> <span class='ocrx_word' id='word_1_221' title='bbox 816 3779 873 3832; x_wconf 77' lang='lat' dir='ltr'><strong>used</strong></span> <span class='ocrx_word' id='word_1_222' title='bbox 896 3779 1099 3853; x_wconf 55' lang='lat' dir='ltr'><strong>Amastrum</strong></span> <span class='ocrx_word' id='word_1_223' title='bbox 1124 3796 1177 3834; x_wconf 80' lang='lat' dir='ltr'><strong>voss</strong></span> <span class='ocrx_word' id='word_1_224' title='bbox 1196 3778 1243 3832; x_wconf 82' lang='lat' dir='ltr'><strong>Fr.</strong></span> <span class='ocrx_word' id='word_1_225' title='bbox 1266 3777 1315 3832; x_wconf 84' lang='lat' dir='ltr'><strong>W.</strong></span> <span class='ocrx_word' id='word_1_226' title='bbox 1335 3777 1396 3831; x_wconf 73' lang='lat' dir='ltr'><strong>rat.</strong></span> <span class='ocrx_word' id='word_1_227' title='bbox 1414 3777 1549 3844; x_wconf 77' lang='lat' dir='ltr'><strong>Schmidt,</strong></span> <span class='ocrx_word' id='word_1_228' title='bbox 1576 3781 1664 3836; x_wconf 83' lang='lat' dir='ltr'><strong>Berlin</strong></span> <span class='ocrx_word' id='word_1_229' title='bbox 1681 3783 1760 3837; x_wconf 72' lang='lat'><strong>182⁷.</strong></span> <span class='ocrx_word' id='word_1_230' title='bbox 1786 3783 1815 3840; x_wconf 69' lang='grc'><strong>4.</strong></span> 
     </span>
     <span class='ocr_line' id='line_1_26' title="bbox 457 3871 1816 3954; baseline 0.007 -29"><span class='ocrx_word' id='word_1_231' title='bbox 457 3872 560 3926; x_wconf 76' lang='lat' dir='ltr'><strong>necrol</strong></span> <span class='ocrx_word' id='word_1_232' title='bbox 578 3891 678 3944; x_wconf 77' lang='lat' dir='ltr'><strong>quoqne</strong></span> <span class='ocrx_word' id='word_1_233' title='bbox 694 3871 920 3942; x_wconf 62' lang='lat' dir='ltr'><strong>(attractiones</strong></span> <span class='ocrx_word' id='word_1_234' title='bbox 938 3875 1065 3928; x_wconf 73' lang='lat' dir='ltr'><strong>variantes</strong></span> <span class='ocrx_word' id='word_1_235' title='bbox 1082 3891 1099 3927; x_wconf 79' lang='lat' dir='ltr'><strong>e</strong></span> <span class='ocrx_word' id='word_1_236' title='bbox 1116 3891 1145 3928; x_wconf 84' lang='lat' dir='ltr'><strong>se</strong></span> <span class='ocrx_word' id='word_1_237' title='bbox 1160 3874 1359 3928; x_wconf 76' lang='lat' dir='ltr'><strong>communientes</strong></span> <span class='ocrx_word' id='word_1_238' title='bbox 1375 3873 1523 3928; x_wconf 72' lang='lat' dir='ltr'><strong>adhibuisse</strong></span> <span class='ocrx_word' id='word_1_239' title='bbox 1539 3874 1714 3954; x_wconf 75' lang='lat' dir='ltr'><strong>Richter-uus,¹</strong></span> <span class='ocrx_word' id='word_1_240' title='bbox 1726 3878 1816 3934; x_wconf 74' lang='lat' dir='ltr'><strong>claris·</strong></span> 
     </span>
     <span class='ocr_line' id='line_1_27' title="bbox 457 3967 1525 4041; baseline 0.003 -21"><span class='ocrx_word' id='word_1_241' title='bbox 457 3968 550 4020; x_wconf 87' lang='lat' dir='ltr'><strong>simnm</strong></span> <span class='ocrx_word' id='word_1_242' title='bbox 568 3970 691 4039; x_wconf 84' lang='lat' dir='ltr'><strong>Corporis</strong></span> <span class='ocrx_word' id='word_1_243' title='bbox 704 3969 773 4041; x_wconf 83' lang='lat' dir='ltr'><strong>juris</strong></span> <span class='ocrx_word' id='word_1_244' title='bbox 790 3969 906 4023; x_wconf 78' lang='lat' dir='ltr'><strong>canonici</strong></span> <span class='ocrx_word' id='word_1_245' title='bbox 922 3970 1066 4036; x_wconf 60' lang='lat' dir='ltr'><strong>editorem</strong></span> <span class='ocrx_word' id='word_1_246' title='bbox 1084 3986 1142 4024; x_wconf 85' lang='lat' dir='ltr'><strong>sero</strong></span> <span class='ocrx_word' id='word_1_247' title='bbox 1158 3968 1222 4022; x_wconf 84' lang='lat' dir='ltr'><strong>mihi</strong></span> <span class='ocrx_word' id='word_1_248' title='bbox 1238 3967 1378 4024; x_wconf 82' lang='lat' dir='ltr'><strong>Bicltcllius</strong></span> <span class='ocrx_word' id='word_1_249' title='bbox 1393 3970 1525 4023; x_wconf 72' lang='lat' dir='ltr'><strong>nutrivit.</strong></span> 
     </span>
    </p>

    <p class='ocr_par' dir='ltr' id='par_1_6' title="bbox 403 4061 1854 4230">
     <span class='ocr_line' id='line_1_28' title="bbox 403 4061 1854 4140; baseline 0.006 -22"><span class='ocrx_word' id='word_1_250' title='bbox 403 4063 434 4135; x_wconf 67' lang='lat'><strong>2)</strong></span> <span class='ocrx_word' id='word_1_251' title='bbox 458 4062 545 4116; x_wconf 78' lang='lat' dir='ltr'><strong>Peuce</strong></span> <span class='ocrx_word' id='word_1_252' title='bbox 566 4069 667 4122; x_wconf 73' lang='lat' dir='ltr'><strong>tutam</strong></span> <span class='ocrx_word' id='word_1_253' title='bbox 683 4065 776 4117; x_wconf 85' lang='lat' dir='ltr'><strong>meuds</strong></span> <span class='ocrx_word' id='word_1_254' title='bbox 799 4064 841 4118; x_wconf 78' lang='lat' dir='ltr'><strong>rel</strong></span> <span class='ocrx_word' id='word_1_255' title='bbox 862 4065 891 4118; x_wconf 84' lang='lat' dir='ltr'><strong>ln</strong></span> <span class='ocrx_word' id='word_1_256' title='bbox 913 4061 1021 4134; x_wconf 76' lang='lat' dir='ltr'><strong>reliquis</strong></span> <span class='ocrx_word' id='word_1_257' title='bbox 1037 4081 1080 4119; x_wconf 83' lang='lat' dir='ltr'><strong>mc</strong></span> <span class='ocrx_word' id='word_1_258' title='bbox 1094 4063 1360 4139; x_wconf 75' lang='lat' dir='ltr'><strong>effugisse‘srhitror,</strong></span> <span class='ocrx_word' id='word_1_259' title='bbox 1388 4069 1419 4118; x_wconf 85' lang='lat' dir='ltr'><strong>ut</strong></span> <span class='ocrx_word' id='word_1_260' title='bbox 1435 4081 1461 4133; x_wconf 88' lang='lat' dir='ltr'><strong>p.</strong></span> <span class='ocrx_word' id='word_1_261' title='bbox 1476 4063 1530 4128; x_wconf 77' lang='lat' dir='ltr'><strong>dl,</strong></span> <span class='ocrx_word' id='word_1_262' title='bbox 1559 4063 1604 4119; x_wconf 85' lang='lat' dir='ltr'><strong>uhi</strong></span> <span class='ocrx_word' id='word_1_263' title='bbox 1620 4065 1758 4140; x_wconf 81' lang='lat' dir='ltr'><strong>legendum</strong></span> <span class='ocrx_word' id='word_1_264' title='bbox 1774 4076 1815 4124; x_wconf 85' lang='lat' dir='ltr'><strong>est</strong></span> <span class='ocrx_word' id='word_1_265' title='bbox 1846 4109 1854 4126; x_wconf 44' lang='grc' dir='ltr'><strong>ι,</strong></span> 
     </span>
     <span class='ocr_line' id='line_1_29' title="bbox 453 4154 689 4230; baseline -0.008 -16"><span class='ocrx_word' id='word_1_266' title='bbox 453 4154 529 4222; x_wconf 71' lang='lat'><strong>‚1552</strong></span> <span class='ocrx_word' id='word_1_267' title='bbox 543 4175 592 4230; x_wconf 86' lang='lat' dir='ltr'><strong>pro</strong></span> <span class='ocrx_word' id='word_1_268' title='bbox 610 4157 689 4212; x_wconf 64' lang='lat' dir='ltr'><strong>lm</strong></span> 
     </span>
    </p>
   </div>
   <div class='ocr_carea' id='block_1_6' title="bbox 617 4387 637 4422">
    <p class='ocr_par' dir='ltr' id='par_1_7' title="bbox 617 4387 637 4422">
     <span class='ocr_line' id='line_1_30' title="bbox 617 4387 637 4422; baseline 0 0"><span class='ocrx_word' id='word_1_269' title='bbox 617 4387 637 4422; x_wconf 60' lang='lat' dir='ltr'><strong>d</strong></span> 
     </span>
    </p>
   </div>
   <div class='ocr_carea' id='block_1_7' title="bbox 0 0 1986 4998">
    <p class='ocr_par' dir='ltr' id='par_1_8' title="bbox 0 0 1986 4998">
     <span class='ocr_line' id='line_1_31' title="bbox 0 0 1986 4998; baseline 0 3"><span class='ocrx_word' id='word_1_270' title='bbox 0 0 1986 4998; x_wconf 95' lang='lat' dir='ltr'><strong> </strong></span> 
     </span>
    </p>
   </div>
  </div>
 </body>
</html>
