3964 4998
320 1199 326 1214 κ
367 1118 742 1288 circumspicienti
776 1183 908 1280 miii,
950 1187 1017 1270 eui
1047 1185 1307 1296 potissimum
1337 1149 1492 1272 norum
1517 1188 1630 1268 nunc
1656 1187 1841 1270 tinellum

365 1317 557 1397 donarem
571 1375 599 1430 ,t
623 1343 747 1432 nemo
780 1312 915 1420 potior
946 1321 1058 1398 visus
1094 1334 1154 1398 est
1181 1321 1328 1414 Vobis,
1370 1323 1457 1400 Viri
1493 1323 1762 1402 Illustrissimi
1804 1337 1846 1404 et

351 1443 617 1547 “Doctissimi,
641 1480 820 1558 quorum
846 1453 927 1534 sive
952 1455 1109 1534 animos
1134 1459 1238 1558 qeins
1262 1455 1308 1534 in
1330 1479 1398 1534 me
1415 1458 1549 1558 geritis
1565 1458 1754 1560 respicio,
1780 1459 1842 1538 vix

362 1613 596 1692 quenquam
628 1589 792 1667 invenio
824 1589 868 1666 in
892 1590 967 1669 ista
993 1615 1083 1670 mea
1108 1589 1256 1716 patria,
1291 1592 1357 1668 cui
1390 1593 1576 1672 meritam
1601 1594 1842 1675 benevolen-

361 1724 440 1803 tiae
465 1722 784 1803 testificationem
809 1724 942 1826 palam
967 1725 1134 1805 reddere
1158 1722 1286 1824 magis
1313 1723 1496 1824 cupiam,
1530 1725 1611 1804 sive
1636 1693 1843 1822 doctrinae

362 1863 525 1938 Vestrae
559 1859 691 1938 studia
716 1859 987 1961 contemplor,
1028 1859 1143 1938 hoc
1132 1883 1271 1960 ipsum
1297 1865 1583 1959 argumentum
1609 1862 1723 1961 quasi
1748 1885 1841 1964 pro

361 1996 499 2098 prium
524 1994 649 2073 Vobis
675 1993 811 2074 deberi
837 1995 1017 2072 arbitror.
1060 1998 1118 2072 Te
1143 1994 1276 2086 enim,
1302 1993 1578 2072 Illustrissime
1603 1995 1771 2086 Knossr,
1796 1994 1841 2070 in

362 2127 626 2230 antiquorum
659 2127 859 2208 librorum
893 2129 1121 2232 cognitione
1144 2151 1259 2230 pares
1285 2147 1458 2230 paucos,
1495 2127 1746 2228 superiorem
1770 2151 1842 2207 ne·

245 2283 281 2375 ᾗ
360 2235 519 2340 minem
544 2261 713 2354 habere,
749 2284 834 2340 urna
864 2285 960 2339 voce
990 2285 1154 2356 omnes,
1184 2289 1288 2365 quos
1319 2264 1370 2343 ad
1395 2259 1586 2339 interiora
1610 2260 1842 2354 studiorum

363 2397 550 2478 Tuorum
575 2393 794 2498 penetralia
817 2393 1034 2488 admisisti,
1058 2396 1307 2497 praedicant,
1340 2401 1398 2474 Te
1423 2408 1578 2488 autem,
1612 2393 1841 2476 Clarissime

360 2537 602 2646 Botmmnn,
642 2527 1057 2630 intelligentissimum
1091 2530 1278 2609 codicum
1310 2530 1681 2632 manuscriptorum
1710 2531 1841 2610 existi·

330 2679 558 2746 'matorem
581 2667 744 2766 Europa
767 2664 903 2758 norit3
934 2664 1104 2766 quodsi
1128 2665 1233 2743 illud
1258 2663 1361 2741 mihi
1386 2665 1641 2767 propositum
1666 2679 1766 2760 erat,
1793 2665 1842 2744 ut

223 2825 229 2832 ·
357 2821 446 2877 non
468 2810 629 2881 tantum
655 2797 803 2875 amoris
828 2808 869 2872 et
898 2795 1170 2880 observantiae
1194 2800 1525 2878 documentum
1513 2817 1564 2875 m
1584 2799 1659 2880 hac
1685 2801 1838 2882 dedica·

356 2934 470 3012 tione
503 2933 684 3020 ederem,
723 2930 794 3007 sed
825 2929 951 3006 simul
981 2929 1101 3026 etiarn
1124 2953 1268 3007 eorum
1292 2930 1476 3008 virorum
1500 2932 1739 3010 nominibus
1764 2931 1838 3014 has

355 3057 529 3170 pagellas
546 3087 756 3154 ornarem,
772 3061 886 3160 unde
902 3060 1056 3162 aliquid
1074 3064 1436 3144 commendationis
1453 3067 1561 3168 apud
1577 3067 1682 3146 viros
1701 3067 1838 3148 doctos
1900 3125 1904 3132 -

355 3199 602 3302 acciperent,
629 3197 799 3282 cariores
825 3219 996 3298 paucos,
1021 3195 1283 3274 illustriorem
1307 3197 1353 3274 in
1370 3196 1448 3274 hoc
1464 3195 1609 3300 genere
1626 3199 1838 3280 neminem

354 3335 461 3434 mihi
489 3334 564 3414 ista
596 3334 695 3410 urbs
729 3331 1005 3434 suppeditavit.
1055 3330 1166 3410 Illud
1197 3343 1355 3410 tantum
1388 3357 1457 3411 me
1486 3333 1592 3413 male
1617 3335 1739 3414 habet
1760 3359 1838 3416 nec

354 3467 550 3547 mediocri
573 3489 642 3544 me
667 3465 937 3555 sollicitudine
951 3463 1106 3556 afficit,
1138 3486 1190 3540 ne
1216 3461 1281 3540 his
1306 3463 1404 3565 ipsis
1430 3463 1660 3544 clarissimis
1685 3469 1838 3548 Vestris

353 3599 595 3681 nominibus
621 3601 731 3682 abuti
756 3600 911 3692 videar,
946 3601 1012 3677 cui
1038 3599 1172 3678 statim
1197 3598 1242 3675 in
1270 3599 1359 3700 ipso
1389 3599 1520 3701 operis
1548 3597 1690 3680 limine
1715 3600 1838 3710 proli·
1924 3593 1925 3602 ‘

191 3699 198 3708 ι
256 3773 314 3812 .-·
353 3738 542 3816 tendum·
558 3737 634 3829 sit,
675 3757 763 3812 non
796 3732 991 3834 singulari
1022 3730 1158 3833 aliquo
1182 3730 1240 3808 rei
1266 3727 1589 3809 biltliotbecariae
1614 3731 1749 3810 studio
1773 3731 1837 3812 rel
1864 3823 1889 3832 .‚

353 3868 537 3949 interiori
561 3869 710 3982 lrarnm
736 3866 943 3945 literarum
970 3863 1219 3968 cognitione,
1244 3862 1315 3941 sed
1340 3876 1499 3941 externa
1521 3876 1681 3942 tantum
1697 3885 1836 3944 neces·

325 4004 469 4087 'sitate
493 4003 654 4118 motum
679 4025 748 4082 me
768 4002 841 4081 has
866 4001 1037 4106 pagellas
1063 3998 1368 4101 conscripsisse,
1394 4023 1526 4101 quum
1552 3997 1676 4075 simul
1699 4012 1740 4077 et
1752 3998 1835 4078 Au·
1922 4111 1923 4116 Ν

309 4207 312 4210 ,
353 4137 683 4243 gustissimorum
717 4135 952 4215 nostrorum
982 4133 1219 4236 Principum
1250 4129 1427 4213 natalitia
1461 4153 1508 4210 ex
1538 4129 1710 4211 solemni
1741 4154 1835 4236 pros
