3964 4998
892 435 1172 522 ..55-

408 681 476 726 mos
501 659 610 725 insula
634 658 813 750 relepatam
830 667 891 726 etc.
942 655 981 724 ln
1006 656 1087 760 tinec
1113 667 1151 724 at
1175 679 1197 721 a
1218 657 1329 746 pratia
1353 655 1519 723 inclmaret
1544 668 1577 723 et
1601 660 1638 723 ia
1661 662 1770 750 qratia

407 789 582 854 terminum
605 797 740 884 ponerct
763 785 1068 875 ΕΧΡΕΙΟῘΤε4
1086 785 1186 851 liber
1209 794 1321 850 sancte
1347 785 1448 848 marie
1473 785 1612 874 cirpiaie
1637 786 1674 849 ia
1698 786 1767 850 Aa·

413 907 551 1005 lesbarp.
578 937 674 1010 quem
698 913 835 980 contulit
860 915 892 977 ei
916 898 1065 977 domiuus
1087 908 1263 976 Corradus
1288 917 1403 974 cantor
1424 905 1662 996 fritslarieasio.
1693 905 1768 976 Scr-

410 1043 507 1106 uaati
530 1040 720 1110 benedictio.
745 1041 870 1106 tollenti
887 1040 1068 1106 maledictio
1086 1037 1309 1104 anathematis.
1335 1033 1452 1100 Amen.
1501 1031 1541 1100 ln
1557 1032 1673 1136 codem
1688 1033 1767 1099 lolio
1852 1019 1856 1027 ¹

409 1175 573 1235 extremar
599 1169 699 1236 Liber
724 1169 940 1234 cisterciensis
965 1165 1088 1233 ordinis
1113 1165 1204 1232 beate
1228 1165 1339 1260 marie!
1356 1145 1505 1253 cirpiieis.
1553 1159 1660 1251 Ipsius
1681 1183 1767 1229 com·

405 1294 551 1360 mentarii
574 1295 662 1362 aliud
685 1294 849 1386 exemplar
872 1294 1027 1392 babemus
1054 1293 1090 1359 in
1111 1292 1222 1360 codice
1244 1293 1413 1359 chartacea
1435 1289 1467 1356 l)
1487 1291 1555 1375 113
1580 1288 1674 1384 plura
1694 1311 1766 1381 pas*

407 1421 468 1489 sim
488 1421 522 1489 in
535 1403 748 1510 ,bibliatliecis
771 1431 919 1507 exstant,
945 1431 982 1488 nt
1005 1421 1041 1488 in
1057 1420 1230 1504 Gothana,
1256 1419 1296 1486 de
1324 1442 1388 1509 qua
1413 1417 1453 1484 ct'.
1468 1414 1601 1484 Jacobs.
1614 1417 1766 1504 Beitrttgc

407 1548 446 1616 Τ.
467 1548 520 1635 ll,
548 1574 579 1642 p.
596 1551 659 1645 64.
708 1548 908 1642 Scriptorcm
931 1535 1078 1642 plerique
1102 1548 1214 1614 dicuat
1229 1548 1434 1637 Hapmonem
1458 1545 1487 1609 F
1489 1543 1674 1630 uldcnscm,
1705 1542 1765 1612 ΑΙ·

407 1676 493 1744 cuini
520 1651 713 1768 discipudum
743 1689 777 1744 et
807 1676 994 1769 episcopum
1014 1650 1337 1744 ilalbcrstadiensem
1351 1655 1449 1742 saec.
1471 1671 1540 1755 lx,
1577 1672 1618 1737 dc
1647 1695 1712 1764 quo
1737 1697 1765 1738 v.
1811 1656 1819 1662 .

403 1802 530 1872 Fabric.
556 1799 642 1872 Biblss
668 1803 713 1873 Μ.
730 1799 773 1870 Α.
798 1803 838 1872 Τ.
857 1801 924 1886 lIl,
951 1827 982 1894 p.
998 1802 1071 1870 545
1098 1811 1131 1867 ct
1157 1823 1241 1891 quos
1264 1799 1375 1867 laudat
1392 1797 1513 1866 Sarius
1539 1796 1574 1863 in
1595 1796 1765 1866 Onomast.

406 1927 510 2012 ΤΠ,
538 1931 681 2022 P·,¹¹⁰t
713 1929 761 1996 sic
786 1953 816 1996 v.
839 1953 867 1996 c.
888 1925 1084 1993 Tritbcmins
1107 1925 1147 1992 dc
1171 1923 1304 2016 Scriptt.
1323 1923 1452 1994 Eccles.
1485 1949 1512 1991 c.
1531 1926 1627 2007 257,
1653 1924 1764 2015 Dupin
1897 1905 1900 1912 ⁴

328 2110 334 2120 ,
402 2051 509 2122 Nouo.
536 2055 696 2128 Bibliotb.
725 2055 783 2121 des
812 2063 943 2120 auteurs
972 2051 1052 2120 cccl.
1082 2052 1122 2118 Τ.
1144 2050 1228 2134 Vll,
1260 2045 1294 2140 p.'
1319 2051 1409 2133 176,
1440 2049 1652 2119 Mantiancon
1679 2047 1765 2118 Bibl.

405 2177 491 2248 Bibl.
512 2161 619 2263 Till,
648 2206 681 2272 p.
702 2180 799 2247 1475
824 2189 885 2245 ctc.
912 2177 1074 2267 mirorque
1101 2175 1310 2259 Jacobsium,
1336 2174 1394 2265 qui
1422 2175 1446 2243 l.
1465 2198 1491 2240 c.
1521 2175 1559 2241 Τ.
1576 2175 1614 2258 1,
1639 2200 1671 2265 p.
1692 2177 1771 2241 m
1917 2233 1920 2238 .

409 2304 547 2372 cundem
569 2305 624 2372 alii
636 2306 799 2398 Hapmoni
817 2304 1040 2373 archidiacono
1057 2299 1285 2398 cantuariensi
1313 2321 1397 2367 saec.
1420 2299 1471 2368 x1
1492 2301 1624 2386 tribuit,
1653 2301 1765 2370 nescia

284 2449 287 2453 ·
316 2471 319 2478 ·
407 2419 525 2520 quibus
554 2431 732 2499 rationibus
763 2431 895 2515 ductus,
933 2428 997 2496 nisi
1021 2429 1120 2496 forte=
1136 2427 1225 2518 qnod
1249 2424 1425 2495 centuriae
1456 2427 1668 2516 Magdeburg.
1697 2427 1764 2512 lx,
1833 2443 1836 2451 ¹

405 2581 436 2648 p.
452 2559 527 2627 525
551 2583 671 2651 easque
697 2569 828 2626 secutus
853 2557 1005 2626 Usscrius
1033 2557 1068 2624 in
1085 2537 1172 2664 Bibl.
1199 2554 1314 2630 Tbcob
1344 2555 1408 2626 Ms.
1434 2579 1467 2646 p.
1492 2555 1564 2622 110
1590 2579 1664 2622 enm
1684 2553 1765 2620 Hal-
1884 2587 1890 2593 ·

403 2683 635 2754 berctadicnsis
665 2709 738 2753 cssc
764 2710 864 2779 posse
894 2679 1041 2773 negant,
1077 2685 1153 2775 quia
1180 2683 1215 2748 in
1251 2683 1355 2774 primo
1384 2681 1468 2747 libro
1498 2703 1525 2746 c.
1555 2683 1573 2746 1
1605 2669 1785 2748 Αιιώεηῖ
1908 2723 1913 2735 J

405 2808 572 2879 Ambrosii
600 2811 719 2879 dictum
746 2812 841 2897 citet,
871 2813 927 2902 qui
949 2811 1073 2900 aliquot
1094 2808 1288 2900 annispast
1303 2807 1396 2874 illum
1421 2808 1482 2874 sub
1498 2804 1762 2900 Arnult'opimpc·

406 2949 512 3006 ratorc
538 2937 664 3006 vixerit.
716 2938 786 3007 Sed
809 2941 873 3008 boc
894 2946 1116 3026 argumentum
1140 2935 1203 3003 dici
1227 2945 1294 3004 nou
1319 2943 1430 3028 potest
1452 2943 1651 3025 quantopere
1666 2934 1762 3002 vacil-

399 3063 466 3148 let,
505 3065 664 3156 siqnidem
696 3067 731 3134 in
767 3068 868 3134 altero
895 3077 1009 3132 nostro
1039 3063 1151 3132 cadica
1178 3064 1221 3131 l).
1244 3065 1287 3130 11
1319 3061 1400 3130 nihil
1427 3058 1547 3148 legitur
1571 3059 1636 3126 nisi
1662 3058 1762 3129 hacc:

406 3211 471 3285 qao
494 3191 531 3254 ia
556 3190 624 3287 laco
648 3193 761 3259 beatus
787 3195 865 3260 dicit
888 3192 1102 3273 Ambrosias,
1129 3200 1166 3256 ut
1186 3188 1273 3258 facili
1293 3186 1425 3277 negotio
1448 3187 1543 3254 etiam
1565 3185 1761 3254 clarissimas

403 3288 733 3386 illeslllcdiolanensis
756 3284 928 3408 episcopus
948 3314 1084 3403 intelligi
1102 3295 1227 3408 possit,
1253 3315 1346 3402 cujas
1370 3313 1517 3402 geminus
1533 3311 1633 3404 ‘locus
1656 3323 1762 3380 exstat

403 3438 438 3507 in
459 3439 543 3507 libro
568 3441 608 3508 de
624 3407 809 3508 Abiahamo
833 3440 1011 3532 patriarcba
1025 3440 1058 3525 l,
1085 3464 1114 3508 c.
1129 3441 1153 3506 s
1169 3440 1224 3553 (T.
1236 3438 1299 3523 lv,
1322 3463 1355 3530 p.
1372 3442 1440 3506 181
1461 3439 1511 3506 ed.
1524 3437 1763 3529 Basilicas),

406 3563 441 3630 in
468 3565 570 3662 altero
596 3576 721 3652 antem,
746 3568 851 3658 'quem
881 3592 968 3634 nnnc
990 3576 1184 3650 tractamus,
1215 3589 1233 3631 a
1255 3564 1428 3632 recentiori
1451 3566 1580 3633 demum
1605 3591 1700 3634 mana
1727 3566 1762 3635 in

405 3712 516 3760 rasura
545 3694 689 3761 additum
715 3705 766 3760 cst
793 3698 948 3786 Aretperti
974 3716 1111 3777 nomen,
1141 3702 1240 3783 utque
1268 3692 1364 3760 etiam
1385 3696 1472 3762 bunc
1500 3691 1638 3781 intelligi
1663 3715 1761 3786 passe

406 3819 642 3905 concedamus,
670 3822 789 3915 quippe
816 3821 927 3913 quiet
948 3821 1018 3914 ipse
1040 3820 1340 3915 commentariorum
1366 3821 1401 3888 in
1414 3819 1638 3912 Apocalypsin
1658 3821 1761 3888 libros

404 3941 515 4010 decem
540 3946 694 4024 ediderit,
732 3959 838 4015 tamen
865 3971 964 4040 quum
988 3955 1117 4014 centnm
1142 3945 1210 4011 fere
1235 3937 1327 4012 annis
1352 3951 1434 4012 autc
1448 3941 1654 4036 Hapmoncm
1678 3945 1759 4012 Hal·
1886 3951 1890 3962 “

406 4069 658 4162 herstadienscm
679 4084 825 4142 mortuus
842 4072 885 4140 sit
907 4071 968 4139 sub
985 4049 1157 4138 Desiderio
1172 4093 1249 4159 rege
1264 4069 1571 4158 Langobardorum,
1585 4093 1638 4136 'ne
1659 4069 1761 4163 ipsius
1816 4157 1819 4165 ι
