3964 4998
323 643 350 695 n,
369 615 510 687 lboenrio
534 612 823 708 pbilosophorum,
858 641 900 685 ex
927 615 1038 685 codice
1064 627 1178 684 nortro
1202 603 1273 684 eim
1295 591 1570 692 coubrnimiouenr
1603 619 1686 690 ecci·

327 746 395 839 pit,
420 753 457 810 ut
480 753 651 834 utrumque
676 741 793 808 librum
818 740 871 809 bic
895 765 1029 838 prorsus
1057 741 1192 809 diversis
1216 741 1324 808 verbis
1347 753 1381 810 et
1404 755 1591 832 argumento
1620 765 1686 812 uuo

323 871 487 941 volumine
518 868 784 958 comprehensum
817 867 1001 934 babeamus.
1058 866 1143 936 bliru
1171 867 1301 957 quidem
1329 881 1406 936 sant
1433 893 1517 966 quae
1543 870 1578 938 iu
1612 869 1686 963 ipso

329 997 451 1068 codicis
482 995 641 1088 principio
669 994 844 1082 legunturr
884 995 1046 1086 Magister
1069 983 1190 1060 ¹uitalis
1224 995 1265 1060 rle
1294 995 1374 1060 uilla
1406 1019 1495 1063 noua
1518 1000 1555 1063 iu
1579 1007 1687 1064 monte

326 1124 501 1218 pessulano
524 1147 557 1186 m
582 1090 638 1188 cce
664 1121 711 1186 ¹6
739 1131 854 1210 petrus
884 1121 924 1187 de
955 1121 1034 1186 uilla
1064 1143 1151 1186 norea
1184 1131 1216 1190 el
1241 1133 1290 1189 est
1314 1103 1462 1190 roiarius
1485 1124 1686 1216 pbilosopho-

322 1275 405 1354 sram
428 1249 577 1340 mapietri
600 1245 731 1311 arnoldi
755 1246 794 1310 de
817 1267 905 1311 noua
930 1247 1009 1312 uilla
1020 1272 1034 1330 ,-
1073 1245 1191 1313 librum
1221 1247 1328 1338 ipsum
1359 1260 1467 1316 autem
1495 1250 1536 1316 nb
1563 1274 1603 1317 eo
1630 1248 1688 1342 qui
1741 1313 1756 1347 ,

326 1401 358 1446 r.
384 1399 413 1443 e.
439 1373 474 1440 in
497 1370 541 1440 N.
570 1368 715 1462 Taurelli
741 1369 883 1438 editione
909 1395 1042 1464 operum
1065 1372 1275 1442 Villrnovuni
1301 1375 1464 1466 (Basileuc
1492 1379 1600 1445 1585.
1616 1374 1688 1470 lul.)

330 1503 488 1576 rosarius,
491 1497 753 1589 pbilosophorum
774 1489 972 1589 appellatur,
999 1523 1134 1591 prorsus
1155 1501 1295 1568 ulicnum
1313 1525 1386 1569 esse
1407 1504 1460 1570 vel
1476 1504 1695 1598 capitulorum.

326 1626 555 1719 inscriptiones
582 1623 699 1690 docere
719 1631 880 1713 pociuntr
905 1623 960 1689 lob
981 1626 1026 1690 lc
1052 1626 1240 1718 capitulam
1255 1631 1397 1718 primum
1412 1632 1456 1696 ad
1469 1630 1689 1698 sublimandos

330 1759 465 1850 spirituc
488 1763 526 1819 ut
545 1750 716 1841 fiaentur3
732 1749 798 1836 55⁰¹·
816 1735 863 1818 bi
889 1750 1076 1840 Capitulum
1101 1755 1159 1820 2m
1178 1756 1218 1830 de
1238 1759 1487 1846 praeparatione
1502 1758 1689 1850 vulpariunr

329 1886 503 1975 spirituum
515 1906 529 1963 ,-
566 1878 623 1944 sol.
642 1877 686 1943 52
719 1875 905 1968 Capitulum
931 1877 1095 1983 quartum'
1111 1881 1151 1948 de
1172 1879 1295 1970 fixione
1320 1885 1521 1975 spirituum3
1563 1883 1622 1955 fol.
1645 1883 1689 1952 a·

294 2068 303 2074 .
330 2009 516 2101 Capitulum
547 2007 700 2104 quinium
731 2005 771 2071 ele
793 2009 1043 2096 praeparatione
1068 2031 1239 2099 corporum
1264 2012 1467 2078 metallorum
1492 2022 1530 2078 ut
1555 2009 1605 2102 (b)
1623 2011 1689 2078 abi·

240 2209 262 2244 ,
333 2141 430 2210 liores
462 2138 531 2233 siut
562 2133 607 2199 ad
636 2132 829 2199 medicinam
860 2136 1100 2224 suscipiendam
1125 2146 1187 2204 etc.
1226 2172 1276 2188 -·
1311 2134 1447 2220 ‘Geberi
1487 2135 1607 2226 scriptu
1636 2155 1690 2201 eo·

152 2337 157 2348 ,
328 2287 465 2356 rumque
494 2258 654 2328 editiones
681 2259 873 2328 solitarum
897 2261 1062 2350 diligentia
1083 2261 1264 2354 illustrarit!
1280 2246 1508 2334 Bcclrmennus
1535 2263 1571 2330 in
1594 2260 1690 2353 Sym·

280 2471 285 2478 ,
329 2395 416 2464 bolis
435 2390 604 2491 (Bcitrige
625 2413 685 2456 aar
701 2389 977 2460 Gescbtchteder
990 2391 1213 2478 Erbuduugen
1236 2393 1276 2459 Τ.
1293 2390 1338 2474 V,
1361 2415 1394 2481 p.
1408 2390 1521 2479 2⁷1„
1548 2385 1690 2459 Bacouis

334 2531 440 2587 cutem
464 2518 629 2608 speculum
658 2527 856 2582 secreturrm
876 2541 954 2582 num
984 2515 1070 2583 idem
1102 2517 1145 2582 sit
1167 2541 1240 2584 cum
1264 2515 1410 2602 ejusdem
1432 2516 1561 2605 speculo
1586 2515 1692 2605 alcby·

329 2651 431 2731 miae,
456 2643 544 2736 quod
568 2665 633 2708 nne
655 2666 729 2710 cum
754 2640 1576 2734 diisnostnccotlecrionisparribussaec.xv1
1601 2640 1692 2708 idea·

327 2771 429 2841 tidem
454 2768 540 2861 typis
570 2789 760 2859 expressum
789 2778 841 2836 est
870 2768 923 2860 (cl.
947 2769 1094 2856 blangeti
1123 2765 1282 2838 biblioth.
1312 2768 1447 2863 Scriptt.
1481 2769 1570 2840 Med
1597 2769 1639 2840 Τ.
1655 2767 1694 2857 1,

332 2923 365 2992 p.
383 2895 486 2986 14⁷),
505 2896 678 2962 decernere
697 2919 845 2987 nequem
871 2884 1122 2989 manuscriptum
1141 2909 1229 2966 ccrtc
1251 2897 1368 2964 eodem·
1388 2898 1482 2966 titulo
1506 2898 1541 2965 iu
1554 2896 1694 2986 Angliue

331 3023 536 3096 bibliothecis
561 3034 688 3090 exstare
707 2999 852 3091 testatur
869 3023 1022 3093 oudinus
1049 3026 1090 3092 de
1114 3024 1249 3116 Scriptt.
1269 3025 1396 3093 Ecclcs.
1420 3023 1542 3116 antiqu.
1566 3025 1606 3093 Τ.
1624 3021 1695 3108 111,

332 3178 365 3245 p.
386 3152 479 3235 195,
503 3148 560 3216 ubi
587 3148 717 3215 omnino
749 3149 791 3215 de
822 3146 912 3216 illius
941 3150 1057 3217 studiis
1085 3147 1314 3242 alcbpmisticie
1340 3151 1488 3242 pluribus
1515 3149 1694 3218 disseritur.

278 3369 285 3380 ,
331 3262 547 3370 Reliquorum
572 3276 756 3344 libellorum
789 3300 886 3368 quem
911 3278 1034 3365 subjeci
1060 3278 1200 3347 indicem
1229 3280 1374 3346 sufficere
1400 3277 1560 3363 arbitror3
1592 3277 1699 3370 totius

336 3404 536 3476 collectionis
566 3403 672 3496 qualis
696 3403 824 3472 indoles
846 3404 908 3490 sit,
934 3403 1038 3496 ipsius
1062 3407 1185 3474 librarii
1208 3407 1305 3474 verbu
1321 3406 1356 3474 in
1371 3407 1426 3474 iol.
1445 3408 1517 3474 150
1533 3405 1556 3472 b
1575 3403 1695 3496 optime

322 3529 519 3610 ‚docebuntc
561 3540 636 3620 post
659 3532 770 3596 istum
803 3505 985 3598 tractatum¹
1004 3534 1074 3598 vidi
1098 3536 1137 3628 in
1160 3535 1301 3632 quodam
1326 3529 1406 3602 libro
1432 3531 1519 3631 qreod
1541 3525 1700 3630 sequela?
1742 3619 1749 3636 .

249 3642 255 3660 “
337 3665 393 3732 tur
429 3656 562 3754 quidam
596 3657 681 3726 alter
713 3669 873 3742 tractatur
897 3671 940 3728 et
971 3662 1146 3752 incipiebat
1177 3636 1239 3729 bec
1252 3672 1311 3743 est
1333 3662 1540 3752 praeparatio
1565 3663 1697 3753 arpenti

333 3785 405 3850 uiui
432 3783 598 3873 sulphuris
629 3789 772 3853 arrenici
802 3799 835 3854 et
865 3788 946 3854 salis
977 3800 1010 3871 et
1043 3787 1152 3855 nescio
1177 3791 1208 3856 si
1232 3802 1303 3856 erat
1329 3788 1369 3853 de
1394 3789 1457 3854 isto
1483 3799 1636 3856 tractatu
1651 3787 1695 3855 In

337 3899 403 3978 alio
427 3934 505 3976 uero
530 3911 613 3978 libro
637 3922 710 3992 erat
731 3921 805 4000 post
831 3892 1006 3979 tractatum
1031 3913 1071 3980 de
1093 3913 1397 4003 praeparationibus
1421 3921 1454 3977 et
1479 3916 1588 3980 nescio
1609 3914 1695 3980 simi·

334 4035 411 4104 liter
434 4037 467 4102 ri
489 4044 539 4103 ert
561 4035 602 4102 de
626 4035 682 4102 illo
706 4046 852 4118 tractatu
877 4041 957 4136 quia
982 4040 1021 4104 in
1045 4041 1115 4130 ipso
1139 4050 1218 4105 eunt
1241 4039 1353 4127 plum
1369 4044 1637 4130 praeparationes
1659 4049 1698 4107 ut
1805 4133 1808 4142 1

337 4160 468 4228 uidebir'
489 4160 542 4230 bie
571 4160 631 4230 red
662 4161 741 4259 quia
768 4162 867 4266 plura
898 4163 986 4230 illias
1012 4173 1177 4254 tractatus¹
1193 4165 1362 4260 babebam
1378 4167 1524 4258 dispersa
1545 4190 1606 4258 per
1630 4166 1695 4233 dir·
