3964 4998
798 359 1312 520 4m-

327 642 454 708 Liber
486 639 531 705 de
559 633 952 728 pre‘parationiba'sc
988 632 1154 702 Sutsernus
1189 635 1224 698 in
1249 630 1422 699 altitudine
1446 653 1507 696 sua
1531 641 1580 696 est
1604 631 1684 696 hocca

153 791 159 808 ·
297 815 300 822 »
325 769 420 834 molle
445 777 587 833 teoreum
613 770 674 828 etc.
724 759 764 828 In
781 760 845 826 fine
862 760 920 832 fot.
939 762 1020 826 8⁷2·
1032 758 1090 848 fiet
1114 758 1154 824 de
1179 758 1314 824 &nario
1337 758 1447 847 puluis
1472 758 1529 854 qui
1553 758 1583 822 si
1597 759 1684 844 proi-¹

324 897 430 960 ciatur
461 915 559 982 super
587 901 760 981 arpentum
789 901 895 956 mutat
928 889 976 954 12
1006 887 1151 977 pondera
1182 889 1312 977 arpenti
1343 888 1379 966 in
1403 909 1522 950 aurum
1542 907 1682 974 potrum5

322 1020 476 1110 deinceps
494 1020 607 1101 liloer
635 983 812 1084 Veneris
838 1017 906 1108 (tol.
931 1013 1012 1104 88),
1046 1016 1090 1082 de
1115 1001 1320 1081 mercurio
1346 1009 1518 1102 (10196),
1553 1012 1598 1077 de
1623 1034 1680 1085 or·
1793 985 1802 996 l

323 1141 463 1214 senice
488 1111 699 1236 (101971),
736 1144 782 1208 de
813 1143 1044 1231 spiritibus
1068 1115 1371 1232 uepetaloililous
1391 1151 1438 1210 et
1462 1139 1681 1205 sensibili·

321 1277 382 1340 lous
407 1271 560 1362 (10198)
583 1281 643 1337 ete.
670 1306 720 1322 -
745 1243 1138 1340 Fotsttotznruotti
1162 1268 1337 1334 devilia
1361 1273 1466 1335 no'ua
1490 1268 1682 1333 rosarius

319 1400 399 1467 ine:
438 1399 482 1464 In
517 1397 702 1486 corporibus
734 1394 855 1483 duplex
885 1405 935 1494 cst
965 1369 1185 1484 sulploureitas
1220 1419 1289 1460 oona
1313 1398 1350 1460 in
1372 1393 1594 1485 profionditate
1620 1404 1683 1460 ete.

320 1525 395 1592 Ful.
416 1523 488 1589 122
510 1522 549 1588 loc
581 1521 796 1587 Iohannis
822 1521 868 1586 de
892 1543 989 1609 rupe
1015 1522 1126 1586 cissa
1151 1520 1312 1586 ordinis
1336 1526 1533 1587 minoris:
1563 1521 1680 1610 Recipe
1745 1594 1747 1599 .

318 1653 398 1720 sam
422 1664 514 1742 pure
539 1615 961 1742 sestertiummilium
987 1647 1088 1712 uam
1113 1633 1158 1711 11
1177 1644 1238 1712 ete.
1270 1647 1341 1712 1³01.
1360 1647 1455 1712 2252
1481 1646 1678 1713 Automa-

324 1803 396 1846 rus
431 1803 487 1845 ex
515 1777 695 1868 peberar
737 1757 856 1864 Recipe
888 1775 1005 1864 lapidis
1036 1775 1104 1840 albi
1136 1777 1206 1840 noti
1236 1776 1352 1863 optime
1382 1796 1403 1838 a
1433 1796 1493 1839 suo
1525 1772 1679 1862 sulphure

321 1905 501 1972 combustili
524 1904 659 1994 purgati
680 1925 741 1990 pro
766 1901 860 1966 modo
886 1902 1109 1968 calcinutionis
1134 1903 1206 1993 jam
1228 1900 1317 1991 facte
1335 1897 1373 2000 {j
1400 1910 1464 1969 etc.
1512 1896 1540 1965 F
1542 1897 1584 1966 ol.
1604 1897 1676 1964 128

317 2031 362 2098 bc
394 2033 457 2098 De
490 2031 778 2118 inspectione
810 2029 1051 2117 sanquinis
1081 2049 1196 2093 versus
1230 2027 1348 2094 XXII:
1417 2037 1420 2041 '

337 2211 339 2214 -
391 2156 573 2250 Sanguinis
598 2158 708 2224 emissi
731 2124 771 2222 de
797 2157 890 2222 uenis
915 2167 964 2222 est
988 2155 1103 2247 rapula
1129 2156 1211 2222 talis

391 2281 432 2354 Si
455 2309 553 2352 auor
577 2297 627 2352 est
653 2287 746 2352 ullius
771 2285 910 2352 hominis
937 2287 1033 2381 quusi
1056 2305 1171 2374 spuma
1195 2294 1343 2374 repertus

428 2445 432 2452 ·
505 2415 633 2480 Tussim
660 2413 809 2503 desipnat
832 2413 941 2502 pulmo
967 2412 1075 2478 dolore
1100 2422 1198 2478 uacat
1228 2421 1289 2476 etc.

316 2537 388 2604 Fol.
418 2536 510 2604 1292
551 2539 709 2628 Incipit
743 2539 910 2634 quidum
943 2547 1157 2604 tractatus
1191 2537 1354 2602 alloimie
1385 2534 1435 2600 Iu
1467 2558 1545 2630 quo
1577 2544 1676 2599 sunt

316 2662 407 2726 XII
434 2664 621 2752 capitula
653 2675 694 2729 et
725 2663 924 2760 loquitur
949 2663 995 2728 dc
1020 2661 1141 2758 aquis
1165 2661 1502 2752 ruotttcanttous
1527 2661 1580 2726 ad
1604 2660 1676 2725 eli·

315 2790 388 2852 xir
419 2791 508 2856 siue
539 2790 763 2881 apentilous
789 2792 925 2879 ipsius
950 2813 1097 2856 nornen
1121 2791 1270 2879 ipnoro
1294 2799 1333 2854 et
1358 2790 1507 2878 incipit
1530 2791 1591 2854 sic
1616 2785 1675 2853 He

293 2926 387 2982 'eta
413 2918 620 3009 lioperius
644 2918 785 2984 Bucen
813 2917 868 2984 He
898 2929 976 2984 sunt
1007 2940 1093 3015 aque
1122 2916 1393 2983 rubes-alicimice
1416 2917 1461 2980 ad
1486 2915 1676 3007 tinpcndum

214 3047 223 3068 ⁸
316 3051 377 3110 ete.
427 3029 591 3110 Alisoluto
618 3049 680 3113 hoc
705 3043 816 3112 libello
846 3046 881 3112 iu
904 3047 960 3112 tot.
984 3047 1097 3113 1501»
1124 3049 1303 3135 sequuntur
1328 3069 1411 3136 quae
1438 3046 1586 3136 superius
1605 3045 1675 3132 jum

292 3228 294 3233 .
315 3165 472 3257 adscripsi
489 3192 563 3236 cum
579 3180 735 3256 tractatu,
765 3170 821 3261 qui
845 3171 958 3261 incipit
980 3174 1052 3241 Hee
1078 3183 1127 3238 est
1150 3175 1335 3262 preparatio
1360 3183 1422 3240 etc.
1435 3183 1479 3239 xet
1502 3173 1573 3239 aliis
1590 3173 1674 3259 ejus·

314 3265 555 3381 tangentis,
582 3295 669 3362 inter
692 3305 847 3389 quos-est
868 3296 926 3366 tol.
954 3298 1071 3364 1511)
1102 3297 1267 3394 quidum
1292 3309 1501 3365 tractatus
1526 3301 1596 3396 qui
1619 3301 1673 3364 di·

194 3503 198 3510 .
310 3422 421 3486 citur
455 3435 657 3490 secretum
690 3425 776 3490 nati
796 3425 1039 3514 philosophi
1070 3435 1131 3491 ete.
1161 3449 1266 3514 usque
1297 3426 1339 3490 ud
1364 3425 1420 3490 tot.
1451 3423 1585 3510 1561»,
1617 3425 1675 3490 ubi

311 3545 472 3638 Incipit
513 3550 674 3647 quidam
711 3535 916 3616 tractatus
954 3552 1024 3646 qui
1059 3551 1218 3617 dicitur
1255 3552 1461 3640 speculum
1495 3563 1673 3618 secreto-

313 3699 404 3740 rum
431 3680 504 3773 qui
533 3679 704 3743 multum
736 3690 799 3744 est
825 3679 1017 3765 lienus-et
1042 3679 1162 3744 utilis
1187 3679 1395 3768 spe-culum
1418 3691 1672 3746 secretorum
1707 3653 1715 3708 '-

308 3801 482 3894 Iioperii
506 3772 702 3872 bucconis
726 3807 789 3872 hoc
810 3804 988 3896 principio:
1013 3829 1059 3892 pn
1079 3807 1208 3870 nomine
1226 3806 1350 3870 domici
1364 3808 1470 3871 nostri
1484 3809 1554 3872 iesu
1570 3810 1671 3875 cristi.

311 3927 357 3992 ad
386 3929 634 3996 instructionem
668 3932 843 3997 multorum
875 3935 964 3998 circa
993 3932 1078 3996 lmne
1109 3941 1213 3996 artem
1237 3932 1438 3996 studentium
1463 3933 1518 3998 uel
1539 3935 1683 4008 stuctcrc

311 4057 489 4122 volentium
514 4059 631 4156 quibus
658 4057 764 4145 deficit
789 4061 880 4148 copia
906 4059 1060 4126 librorum
1086 4061 1139 4126 loia
1165 4060 1290 4126 libellus
1316 4062 1424 4127 editur
1447 4071 1507 4128 ete·
1543 4061 1669 4128 lieinde

309 4181 363 4247 tot.
380 4184 510 4288 llidhc
543 4185 706 4274 Incipit
732 4186 841 4252 liloer
870 4187 961 4252 XII
979 4169 1197 4284 aquarum,
1225 4187 1668 4279 quacumnominuet·vi1·es
