3964 4998
994 394 1249 526 -Illj-

366 580 678 672 'domibusnuc
703 572 996 693 pervenerunt,
1031 613 1134 694 quos
1161 590 1294 668 statim
1319 603 1411 692 post
1436 614 1644 686 sacrorum
1671 586 1877 683 emenda-⁵

378 725 533 804 tionem
566 748 590 802 a
621 723 808 826 Philippo
834 695 1118 825 Magnanimo,
1158 724 1468 826 gloriosissimae
1500 731 1721 810 memoriae
1746 733 1859 832 prin-

260 931 263 940 .
378 861 494 962 cipe,
535 884 674 938 recens
707 859 945 938 constitutae
970 855 1227 938 Universitati
1260 857 1429 937 donatos
1461 883 1547 936 esse
1582 861 1860 962 suspicamur,

340 1045 342 1054 ι
376 993 641 1096 ejusdemque
665 993 823 1096 generis
849 1005 947 1106 sunt
972 1016 1075 1094 quos
1101 991 1202 1090 olim
1227 1005 1320 1094 post
1349 971 1524 1070 mortem
1551 994 1753 1104 Johannis
1777 997 1861 1100 epi·

376 1133 488 1232 scopi
505 1130 744 1232 Cyrenensis
765 1131 816 1208 ad
832 1127 972 1208 fratres
990 1127 1169 1206 minores
1184 1128 1495 1231 Marburgenses
1515 1132 1742 1232 pervenisse
1763 1132 1860 1234 legi·

376 1265 542 1362 mus-⁸),
581 1267 700 1368 longe
731 1266 808 1346 alia
834 1277 970 1344 autem
997 1288 1114 1348 causa
1141 1276 1201 1342 est
1225 1269 1390 1358 eorum,
1428 1249 1512 1367 qui
1529 1289 1665 1368 nuper
1689 1266 1860 1372 demum

377 1397 557 1478 Gallicae·
581 1397 871 1478 dominationis
903 1410 1084 1499 tempore
1119 1423 1214 1512 cum
1241 1400 1334 1478 satis
1358 1423 1505 1500 magna
1530 1397 1730 1477 librorum
1756 1397 1880 1503 typisx

331 1634 333 1637 ι
374 1556 655 1636 expressorum
688 1533 934 1635 supellectile
965 1556 1012 1610 ex
1038 1533 1284 1611 monasterio
1312 1533 1545 1634 Corbejensi
1570 1533 1653 1612 buc
1679 1536 1858 1615 translati

351 1649 509 1758 sunt,
534 1663 651 1764 cujus
685 1666 868 1745 muneris
905 1666 1067 1768 publica
1103 1659 1324 1746 testificatio
1346 1679 1484 1750 exstat
1516 1669 1559 1746 in
1594 1669 1686 1750 Ant.
1712 1672 1857 1764 Baueri

276 1860 278 1865 .
370 1799 713 1879 commentatione
726 1833 755 1892 ,·
778 1823 858 1902 qna
897 1800 948 1878 ad
981 1800 1077 1878 novi
1108 1803 1352 1882 Prorectoris
1388 1803 1743 1907 inaugurationem
1769 1793 1856 1887 Kal.

239 1957 241 1964 ’
279 1984 281 2000 .
373 1939 462 2015 Jan.
496 1941 594 2008 1816
630 1931 908 2014 celebrandam
942 1935 1122 2016 invitavit
1137 1935 1192 2032 6),
1230 1959 1275 2016 ac
1306 1937 1400 2014 licet
1428 1931 1561 2015 multo
1589 1938 1729 2041 plures
1754 1939 1857 2019 olim

298 2049 301 2059 Α
372 2071 626 2174 Philippinos
651 2069 807 2148 codices
831 2067 955 2146 fuisse
982 2084 1302 2150 consentaneum
1329 2072 1400 2165 sit,
1433 2073 1588 2152 horum
1612 2088 1750 2160 tamen
1775 2099 1858 2178 rau·⁴

372 2213 536 2284 merum
568 2229 682 2282 nunc
714 2204 919 2282 minorem
945 2228 1181 2308 essequam
1209 2187 1517 2305 Corbejensium
1542 2232 1667 2286 nemo
1691 2209 1856 2289 mirabi-

373 2351 467 2431 tur,
499 2339 570 2440 qui
595 2335 862 2414 bibliothecae
884 2339 1044 2417 nostrae
1069 2339 1148 2420 fata
1169 2337 1231 2418 vel
1254 2347 1304 2417 'ex
1328 2339 1378 2416 iis
1405 2329 1563 2418 tanturn
1589 2343 1720 2436 novit,
1752 2365 1857 2446 quac

260 2535 264 2542 ,
373 2470 543 2551 Haasius
581 2469 626 2546 in
667 2447 858 2570 symbolis
899 2471 1095 2550 Hassiacis
1136 2473 1185 2553 de
1222 2475 1301 2553 hoc
1342 2484 1581 2578 argumento
1620 2479 1784 2559 tradidit
1808 2480 1854 2582 ⁷).

318 2678 324 2684 .
373 2608 495 2704 Quod
524 2607 635 2684 enim
660 2605 728 2682 hic
752 2605 956 2684 narratio
980 2607 1222 2687 bibliotheca
1248 2608 1472 2687 academica
1498 2608 1676 2688 Gissensi
1702 2613 1855 2694 multos

277 2808 283 2817 .
368 2745 496 2822 libros
536 2755 710 2856 exstare,
749 2717 853 2842 qnos
888 2764 936 2832 en
974 2744 1171 2821 coenobio
1206 2741 1377 2824 fratrum
1414 2741 1738 2844 Cogleticorum,
1781 2748 1861 2854 qui·
1915 2767 1917 2772 ·

371 2877 578 2977 Marburgi
604 2873 789 2969 fuerunt,
815 2877 918 2969 sive,
944 2889 992 2953 ut
1015 2877 1092 2978 ipsi
1119 2901 1161 2953 se
1186 2877 1468 2978 appellabant,
1487 2879 1677 2954 Fratrum
1703 2867 1852 2960 domus

370 3014 445 3092 rivi
480 3009 609 3088 leonis
635 3007 666 3104 8)
707 3032 755 3084 eo
785 3009 1010 3109 pervenisse
1039 3009 1248 3110 inscriptio
1281 3009 1441 3102 doceat,
1480 3007 1531 3086 ad
1562 3006 1660 3086 alios
1688 3028 1853 3115 quoque

369 3146 494 3224 libros
528 3163 678 3242 eosque
709 3139 830 3226 etiam
856 3163 984 3218 manu
1010 3142 1176 3244 scriptos
1200 3143 1401 3245 pertinere
1425 3140 1506 3242 jam
1531 3167 1578 3222 ex
1601 3143 1650 3222 iis
1666 3131 1853 3248 apparet,

368 3306 473 3387 quae
499 3279 550 3359 ad
575 3276 662 3355 cod.
687 3279 731 3355 C.
749 3279 774 3348 6
801 3278 850 3355 de
873 3271 1204 3354 collectionibus
1192 3279 1293 3379 Juris
1312 3277 1496 3356 canonici
1514 3284 1850 3385 antegregorianis
1936 3299 1937 3302 ‘

735 3403 739 3414 .
977 3390 986 3420 .
1406 3401 1409 3406 ·
1834 3420 1837 3428 .

368 3445 671 3486 *...-.-
1096 3497 1098 3500 .

436 3562 467 3633 5)
490 3563 578 3631 lpcam
595 3533 713 3619 domun,
733 3555 778 3608 nbi
794 3569 862 3608 nnnc
879 3552 1036 3608 bibliothece
1053 3554 1198 3624 wadamiro
1214 3523 1379 3618 catenatur,
1405 3557 1465 3606 ante
1478 3552 1592 3624 l'ltilippi
1608 3553 1765 3628 flaganiam
1781 3563 1850 3611 κη.

450 3649 542 3733 'tem
559 3655 681 3708 Fratrum
697 3651 825 3704 Minorem
841 3649 901 3704 be
918 3649 1148 3704 Franciccanornm
1167 3649 1331 3720 Nudipedurn
1347 3649 1498 3704 coenobium
1513 3651 1594 3702 fnisse
1611 3651 1674 3703 ratic
1690 3654 1799 3706 conant.

370 3801 375 3806 .
435 3749 467 3820 6)
489 3729 588 3803 Coram
605 3749 638 3800 cle
655 3747 739 3800 crdbri
740 3745 788 3796 bna
805 3745 973 3798 successioni·
990 3749 1037 3798 etc.
1062 3761 1088 3813 p.
1105 3743 1150 3796 56.

435 3845 465 3912 ’1)
489 3839 633 3904 Nacbncltt
648 3857 700 3892 ιιιιι
717 3837 764 3909 6η
780 3836 964 3908 Entctelacp,
982 3836 1040 3890 dnn
1051 3837 1201 3892 lumbus
1218 3836 1275 3890 und
1291 3836 1349 3890 dem
1359 3833 1477 3910 jetcipcn
1490 3835 1626 3891 Zaat'aade
1643 3835 1691 3889 aar
1701 3836 1850 3893 Bttttoatek

488 3935 531 3988 bei
554 3933 602 3986 ter
622 3932 664 3984 Uo
665 3933 783 3986 ιἰιινιίιᾶι
800 3947 833 3982 ιιι
849 3927 912 3980 Μαι·
898 3930 994 4002 rburp,
1017 3931 1044 3982 in
1061 3928 1140 3983 fleu.
1157 3928 1239 3983 near.
1257 3948 1304 3984 zur
1323 3929 1527 3986 Getelremtetc
1543 3930 1600 3984 und
1614 3929 1703 3984 Ruunt
1725 3929 1849 4006 (Franlfi

317 4069 325 4078 .
468 4025 665 4082 munitat
693 4025 731 4092 8.)
756 4023 788 4074 Τ.
799 4022 846 4084 .,ll
870 4022 1041 4096 pffllcqq.

435 4121 466 4193 8)
490 4121 530 4176 ct.
547 4119 712 4190 Ayrmannss
703 4135 731 4170 ιιι
747 4115 956 4172 llucbcnbeelceri
974 4119 1049 4172 brol.
1067 4113 1193 4172 ΗιιιΤ.
1207 4119 1272 4184 vlt,
1296 4137 1322 4191 p.
1341 4119 1431 4192 lcqq.

1389 4232 1445 4294 *lt
1629 4181 1632 4192 Ι
