3964 4998
820 438 1210 586 ..θλίψι-4

344 662 464 752 fremet
482 687 520 732 er
540 665 579 748 ob
598 665 691 764 er-p’n
711 664 814 756 bypo
829 664 897 732 bot.
945 659 980 731 A
994 662 1051 731 iol.
1068 663 1118 730 97
1137 661 1266 730 demum
1282 660 1422 749 majores
1438 659 1514 728 libri
1528 659 1707 752 incipiunt,

347 800 382 856 et
396 790 535 882 primum
552 789 685 881 quidem
708 798 859 879 excerpta
876 785 993 856 Galeni
1016 811 1088 856 eum
1114 787 1243 874 glossa,
1270 810 1406 878 quorum
1430 789 1493 882 bae
1516 786 1708 880 principium

304 963 311 970 .
347 924 422 980 este
465 917 635 982 Textus
669 914 856 1009 G'olieni
885 915 964 982 lom
989 913 1150 982 Golienus
1183 915 1323 984 ostendit
1348 917 1539 1013 totumquocl
1563 935 1708 1015 necesso·

350 1039 438 1104 rium
462 1050 512 1106 est
535 1042 619 1106 scire
640 1043 676 1106 in
692 1043 848 1132 repimine
863 1019 1016 1108 sanitatis
1033 1040 1073 1106 de
1088 1051 1201 1129 coptu.-
1230 1040 1353 1110 Tantus
1373 1041 1420 1106 Et
1435 1042 1708 1138 quoniombmoeio

209 1187 212 1194 ’
352 1164 483 1262 quidem
521 1177 555 1232 et
585 1166 771 1257 indipencia
803 1177 836 1232 et
867 1166 979 1256 oipilia
1012 1176 1045 1232 et
1078 1187 1189 1232 omnes
1222 1175 1332 1240 nostre
1364 1168 1532 1256 passiones
1564 1169 1709 1234 exsiccat

348 1312 466 1381 corpus
493 1291 594 1360 Glosa
620 1295 698 1390 quia
722 1293 905 1382 exemplum
931 1304 980 1360 est
1006 1293 1094 1390 quorl
1117 1303 1221 1381 motus
1243 1302 1276 1390 pt
1292 1294 1467 1359 minoratio
1485 1293 1550 1359 cibi
1565 1303 1598 1360 et
1611 1302 1708 1382 potus

348 1427 382 1484 et
406 1420 517 1510 oiqilie
540 1431 574 1487 et
596 1423 767 1488 mentatio
792 1432 825 1488 et
846 1421 1028 1488 reddentia
1051 1423 1160 1486 anime
1178 1422 1347 1488 exsiccant
1370 1442 1487 1509 eorpus
1513 1425 1585 1504 etei,
1619 1417 1707 1485 deiu-

231 1591 233 1596 -
347 1564 425 1634 ceps
455 1555 561 1610 autem
592 1547 691 1613 alul.
719 1548 838 1616 4441)
865 1546 1010 1616 Simonis
1039 1537 1253 1632 conuensis,
1290 1546 1437 1615 cononici
1465 1546 1724 1633 Rothomageu··

307 1719 309 1736 .
346 1666 392 1736 sis
427 1679 460 1736 ct
482 1670 610 1738 Nicoloi
638 1673 691 1742 lv
717 1673 894 1778 pontilicis
912 1671 1091 1764 cappellani
1121 1684 1154 1740 et
1180 1671 1322 1756 medici,
1358 1669 1547 1762 Spnonpma
1573 1670 1608 1756 in
1640 1669 1706 1762 epi·

346 1804 455 1890 tomen
481 1797 611 1894 redacta
641 1823 661 1866 a
690 1799 849 1868 blandino
875 1785 1113 1888 Forojuliensi²
1147 1824 1244 1891 quem
1262 1823 1429 1891 perperam
1451 1797 1707 1879 Foruliviensem

348 1923 503 2015 appellari
530 1925 615 2045 apuel
638 1924 922 2019 Sprengelium'l'.
938 1928 992 2011 11,
1018 1953 1050 2019 p.
1042 1928 1141 1996 ,487
1160 1951 1201 1994 ex
1222 1927 1325 2020 ipsius
1348 1925 1452 1993 nostri
1473 1925 1594 1992 codicis
1613 1948 1705 2018 prue-
1796 1999 1798 2006 ¹
1849 1962 1855 1970 ·

226 2079 229 2084 ¹
346 2048 523 2141 scriptione
550 2037 703 2142 apparet:
739 2053 905 2142 Quoniam
928 2055 1032 2120 nichil
1055 2050 1166 2120 carius
1190 2063 1238 2119 et·
1246 2043 1449 2152 amicabilius
1473 2052 1618 2146 antiquis
1638 2050 1707 2141 fuit

343 2139 442 2270 qulam
479 2172 667 2245 breuissime
709 2179 799 2276 loqui
831 2178 1011 2245 seeundum
1027 2177 1169 2279 paliani
1196 2143 1382 2243 doctrinan
1413 2177 1473 2244 teo
1508 2177 1704 2266 terapeutiee

343 2297 513 2386 fumcltotis
537 2303 609 2370 ideo
633 2327 692 2396 epo
717 2305 895 2372 mundinas
920 2306 960 2371 cle
983 2303 1058 2395 [oro
1084 2307 1218 2372 ciuitate
1241 2303 1352 2394 9”ιι19
1339 2327 1376 2368 ιιι
1402 2303 1511 2370 studio
1538 2305 1705 2392 patanimo

343 2421 529 2517 (Patavina)
554 2431 689 2524 nomina
713 2430 954 2496 medicinalium
981 2453 1042 2519 per
1066 2430 1316 2517 exspositionem
1341 2428 1385 2494 od
1410 2429 1575 2524 quandam
1600 2430 1704 2496 breni-

347 2562 447 2618 tatem
470 2555 624 2620 reducere
650 2555 798 2621 laboroui
822 2578 907 2652 quae
932 2551 1050 2644 diffuse
1074 2564 1277 2620 tractarerat
1300 2551 1421 2642 Spmon
1440 2553 1623 2620 Januensis
1647 2557 1707 2652 qui

347 2681 406 2745 in
401 2660 547 2770 apracdys
570 2680 711 2770 fideliter
734 2683 903 2749 laborauit
917 2683 1015 2772 plura
1040 2693 1149 2748 autem
1174 2682 1287 2747 addidi
1310 2669 1467 2748 uocabulo
1496 2682 1705 2772 exsponenda

346 2816 379 2872 et
404 2817 483 2874 tunc
506 2807 691 2898 specialiter
715 2808 864 2896 pondera
890 2819 923 2874 et
949 2807 1155 2875 condimenta
1181 2809 1324 2875 ciborum
1341 2808 1380 2875 cle
1400 2812 1564 2876 contentis
1579 2811 1705 2876 nubum
1776 2829 1779 2834 ·

343 2933 380 2998 in
410 2923 589 3022 synonimis
622 2933 773 3022 Spmonis
802 2939 1097 3025 praetermittentes
1122 2945 1182 3002 ete.
1243 2937 1295 3002 lle
1334 2915 1508 3004 Simone
1497 2959 1569 3026 1pso
1609 2935 1704 3026 plura
1763 2971 1766 2978 ·

343 3055 433 3124 (labit
455 3057 667 3151 Sprengelius
701 3062 740 3128 Τ.
761 3061 817 3146 ll,
847 3089 881 3153 p.
908 3063 984 3160 462
1008 3071 1042 3129 et
1067 3062 1178 3130 490
1150 3116 1164 3155 ,
1194 3061 1251 3152 qui
1276 3061 1448 3128 maximum
1466 3061 1536 3150 ejus
1554 3063 1702 3130 meritum

344 3179 379 3247 iu
396 3206 435 3249 so
457 3184 568 3272 ponit,
594 3184 821 3274 quotl.turbas
840 3210 882 3252 ex
903 3187 1103 3254 arabicorum
1119 3187 1285 3289 nominum
1309 3189 1462 3256 varietate
1482 3201 1569 3258 ortas
1586 3189 1702 3258 tollere

347 3309 507 3376 studuerit
539 3311 674 3402 ipseque
711 3312 752 3378 ad
783 3315 1024 3400 cognoscendas
1058 3279 1185 3406 plantas
1215 3314 1379 3382 veteribus
1406 3328 1500 3384 notas
1527 3316 1702 3386 'Graeciam
1742 3384 1751 3420 ·.

216 3499 219 3504 .
342 3445 376 3500 et
397 3435 567 3505 Orientem
591 3440 852 3531 permigraverit3
884 3438 1146 3532 synonymorum
1172 3442 1469 3534 interpretationem
1489 3443 1702 3531 germanicam

217 3569 220 3576 '
278 3643 281 3650 .
343 3561 492 3652 nuperius
517 3565 557 3631 ad
581 3567 653 3646 eud.
668 3567 710 3633 B.
725 3559 765 3634 ⁷¹³
791 3567 1129 3654 commemoravimns3
1156 3567 1237 3666 alios
1253 3569 1428 3638 eorundem
1447 3567 1575 3636 codices
1592 3592 1702 3637 reeen-
1746 3603 1749 3611 ·
1889 3597 1893 3604 ·

341 3699 392 3754 set
420 3689 632 3759 Montlaucon
647 3692 694 3759 ¹in
718 3693 873 3762 Bibliotb.
900 3695 1056 3770 Bibliotb.
1082 3696 1163 3764 tiss.
1186 3698 1225 3762 Τ.
1243 3695 1277 3780 l,
1302 3721 1333 3786 p.
1352 3695 1445 3778 585,
1471 3717 1532 3760 nee
1551 3694 1701 3764 lllundini

240 3804 255 3926 l
342 3807 532 3905 synonyma
548 3809 712 3884 latuerunt
728 3819 910 3898 Fabricium
926 3817 1086 3890 BihleGr.
1107 3820 1146 3886 Τ.
1163 3818 1265 3902 xm,
1296 3843 1327 3908 p.
1345 3817 1441 3901 545,
1467 3817 1523 3908 qui
1537 3818 1700 3886 loannem

341 3939 519 4028 Georgium
537 3942 754 4011 Sebsnclrium
771 3945 993 4016 Bibliothecae
1018 3942 1147 4011 iatrieae
1168 3942 1357 4056 scriptorem
1383 3967 1421 4009 ea
1448 3945 1529 4014 Μαι.
1548 3945 1699 4014 babuisse

200 4061 205 4082 ‘
342 4080 461 4137 narrat.
510 4069 551 4137 ln
581 4070 647 4136 fine
679 4071 735 4138 fol.
759 4071 834 4140 252
860 4071 905 4137 bs
948 4072 1025 4146 Alie
1059 4067 1280 4161 expositiones
1305 4075 1472 4142 nominum
1497 4075 1699 4142 arabicorum

336 4197 519 4268 ¹seeundum
544 4198 664 4265 librum
688 4200 847 4281 auicenne
867 4209 905 4282 ,et
927 4198 1130 4267 almunsoris.
1179 4197 1259 4267 lllox
1274 4197 1331 4296 iol.
1347 4198 1443 4270 2552
1467 4198 1578 4266 Britla
1593 4198 1698 4268 rades
