3964 4998
801 353 1058 486 ..vp-

195 603 380 686 fessionis
398 629 510 686 meae
528 604 663 686 officio
679 607 855 687 indicere
870 607 1023 709 jussus,
1046 620 1086 684 et
1097 607 1339 686 Prorectoris
1357 630 1543 699 munere,
1560 607 1672 708 quod

186 743 284 829 heri
316 743 485 821 demum
512 743 701 844 deposui,
737 743 786 821 ab
813 743 927 820 omni
961 740 1153 820 continua
1187 755 1228 818 et
1257 755 1439 822 accurata
1464 742 1671 822 literarum
1741 738 1749 754 ’

195 878 428 956 tractatione
446 890 669 968 revocatus,
693 900 741 954 eo
758 877 922 955 tandem
942 875 1260 984 confugiendum
1278 876 1476 970 viderem,
1493 891 1541 953 ut
1557 900 1672 978 sepo·
1795 933 1797 938 -

133 1079 137 1084 ,
195 999 281 1088 sitis
306 1015 409 1112 quae
435 1033 482 1087 ex
504 1010 593 1109 ipso
626 1009 720 1086 artis
752 1026 866 1087 meae
899 1035 1012 1111 penu
1043 1010 1103 1086 illi
1137 1009 1380 1111 proludendi
1415 1010 1577 1110 negotio
1606 1009 1672 1088 de·

194 1146 429 1236 stinassem,
463 1142 640 1221 indicem
671 1140 870 1218 librorum
901 1139 1165 1220 bibliothecae
1191 1135 1354 1221 nostrae
1379 1141 1672 1241 manasseripto·
1719 1215 1725 1236 s

194 1303 313 1369 carm,
352 1249 478 1380 quem
507 1277 701 1356 antehoc
727 1277 1066 1378 quadriennium,
1097 1299 1230 1376 quum
1255 1275 1437 1376 primum
1462 1276 1507 1354 in
1528 1274 1674 1352 biblio·

193 1402 535 1491 thecariaecurae
557 1425 709 1514 partem
730 1438 909 1506 vocarer,
932 1436 1049 1490 meos
1067 1410 1201 1511 potios
1225 1410 1269 1487 in
1285 1435 1386 1488 usin
1405 1408 1674 1505 confeceram,

195 1561 242 1622 ex
262 1543 421 1620 scriniis
442 1543 718 1646 protraherem
739 1568 871 1646 eoque
894 1543 1137 1647 publicando
1156 1543 1334 1621 duorum
1350 1544 1452 1625 mihi
1469 1567 1673 1645 program-

194 1691 352 1758 matum
387 1679 678 1780 compendium
714 1676 923 1772 facerem}
951 1680 1100 1781 quibus
1139 1701 1372 1780 quanquam
1406 1679 1511 1756 nihil
1546 1679 1674 1781 magis
1746 1668 1749 1676 ’

195 1811 412 1888 convenire
434 1810 657 1902 videretur,
684 1835 807 1911 quam
834 1835 975 1890 earum
997 1814 1210 1914 ‘copiarum
1228 1812 1498 1905 enrnneratio,
1518 1812 1674 1912 quibus

195 1943 244 2022 ab
270 1943 555 2022 illustrissimis.
571 1958 619 2023 et
634 1944 933 2046 gloriosissimis
950 1951 1185 2052 Principum
1200 1961 1436 2026 nostrorum
1452 1945 1675 2046 majoribus

94 2061 96 2066 ’
193 2075 291 2152 haec
317 2077 530 2156 Academia
562 2091 702 2178 ornate
724 2092 772 2156 et
797 2080 924 2159 ditata
956 2097 1040 2178 est,
1073 2108 1141 2162 me
1165 2097 1302 2191 tamen
1322 2083 1504 2183 ingenue
1530 2077 1674 2172 fateor,
1785 2158 1787 2163 .

193 2207 227 2286 si
254 2208 385 2287 otium
410 2210 515 2288 mihi
540 2213 590 2290 ad
615 2197 726 2291 aliud
749 2228 1038 2314 argumentum
1064 2216 1112 2293 ab
1129 2216 1290 2318 integro
1307 2215 1562 2294 tractandum
1572 2239 1675 2315 sup·

193 2341 429 2444 peditasset,
463 2344 507 2424 i'n
541 2349 679 2450 pravis
704 2347 780 2426 alia
804 2353 969 2456 materia
994 2351 1129 2452 potius
1149 2373 1278 2450 quam
1297 2346 1350 2426 id
1367 2350 1448 2427 hac
1474 2349 1674 2452 quidquid

137 2534 141 2544 .
193 2476 237 2556 id
268 2495 413 2580 operae
449 2494 552 2558 esset
584 2482 826 2586 positurum⁸
846 2481 989 2562 ¹fuisse.
1040 2482 1134 2559 sire
1157 2483 1276 2560 enim
1309 2495 1509 2582 qrnntum
1535 2482 1674 2558 inme
1753 2527 1766 2538 ·

194 2599 300 2697 esset
321 2611 519 2694 facultatis
537 2616 597 2695 ad
621 2630 828 2695 tantorum
847 2618 1015 2696 «dierum
1041 2615 1352 2694 illustrationem
1379 2615 1674 2694 conferendum
1792 2609 1793 2616 ‘

190 2770 419 2844 censerem,
449 2753 494 2827 in
519 2752 631 2830 nuda
654 2753 855 2832 librorum
881 2768 921 2832 et
945 2751 1164 2832 nominum
1184 2751 1426 2828 recensione
1451 2739 1673 2830 consistere

97 2867 99 2872 ¹
192 2884 433 2986 neutiquam
458 2887 643 2980 decebat,
661 2889 751 2966 sive
769 2888 853 2968 ehoe
880 2890 1018 2991 ipsum
1043 2905 1146 2988 opus
1172 2907 1218 2964 ea
1241 2910 1325 2987 qua
1349 2867 1422 2992 par
1445 2899 1530 2964 erat
1554 2886 1674 2964 indu·

194 3017 289 3096 stria
323 3032 364 3094 et
397 3021 623 3098 eruditione
659 3015 861 3102 absoluere
892 3021 1062 3111 vetlem,
1094 2993 1226 3094 mimis
1239 3017 1380 3117 ,longe
1412 3039 1435 3094 a
1469 3018 1673 3095 consuetis

192 3149 295 3228 meis
321 3153 464 3230 studiis
490 3153 673 3230 recedere
689 3157 887 3256 cogebar,
917 3167 1049 3256 utque
1066 3153 1246 3230 *omnino
1261 3176 1319 3230 eo
1344 3155 1553 3264 pervenire
1578 3179 1674 3230 con·

196 3281 370 3383 tigisset,
399 3298 452 3377 ‚ut
476 3266 697 3375 librorum,
723 3288 804 3389 ‹qui
821 3287 898 3366 thlc
924 3300 1101 3379 exstant,
1133 3284 1409 3379 medicorum,
1442 3285 1674 3363 alohimisti·

195 3441 364 3510 comm,
390 3419 708 3522 theologicorum
735 3423 933 3524 originem
951 3436 1000 3499 ·et
1019 3391 1205 3499 indolem
1221 3422 1370 3502 eadem
1392 3443 1476 3520 pua
1496 3418 1674 3519 philolo·

196 3553 379 3656 gicormn
418 3557 621 3658 diligentia
656 3559 882 3638 existimare
915 3571 955 3636 et
984 3580 1180 3660 exponere
1206 3579 1389 3658 possem,
1428 3567 1563 3632 tamen
1589 3553 1673 3656 ipsi

196 3688 330 3768 officio
343 3699 449 3769 'meo
465 3692 712 3771 defuturum
735 3707 1054 3796 meputassem,
1088 3693 1121 3770 si
1143 3707 1308 3770 tantum
1328 3689 1527 3792 :temporis
1549 3691 1673 3768 rebus
1699 3699 1702 3728 ³
1773 3683 1775 3694 '

171 3810 493 3928 'eprofessione
526 3851 616 3905 mea
647 3815 789 3906 alienis
819 3829 1120 3931 impenderem3
1147 3849 1415 3930 quaequam
1440 3799 1689 3922 deessent,¹
1754 3853 1760 3870 ¹

198 3959 276 4038 hoc
294 3974 459 4041 tantum
484 3986 553 4039 me
578 3962 837 4058 consolabor,
857 3979 910 4043 ut
918 3963 1435 4068 aliquidemtiturumesse
1452 3945 1673 4065 sperarem,

198 4096 310 4176 tande
336 4111 385 4176 et
408 4095 579 4192 exteris,
613 4083 783 4202 siquid
807 4095 922 4202 apud
938 4123 1023 4176 ‹nos
1049 4098 1231 4200 ipsorum
1254 4095 1476 4175 attentione
1498 4095 1672 4196 dignum
